@ARTICLE{Diemer++13,
	author = {{Diemer}, Benedikt and {More}, Surhud and {Kravtsov}, Andrey V.},
	title = "{The Pseudo-evolution of Halo Mass}",
	journal = {\apj},
	keywords = {cosmology: theory, dark matter, galaxies: halos, methods: numerical, Astrophysics - Cosmology and Extragalactic Astrophysics},
	year = 2013,
	month = mar,
	volume = {766},
	number = {1},
	eid = {25},
	pages = {25},
	doi = {10.1088/0004-637X/766/1/25},
	archivePrefix = {arXiv},
	eprint = {1207.0816},
	primaryClass = {astro-ph.CO},
	adsurl = {https://ui.adsabs.harvard.edu/abs/2013ApJ...766...25D},
	adsnote = {Provided by the SAO/NASA Astrophysics Data System}
}

@ARTICLE{Prada++12,
	author = {{Prada}, Francisco and {Klypin}, Anatoly A. and {Cuesta}, Antonio J. and
	{Betancort-Rijo}, Juan E. and {Primack}, Joel},
	title = "{Halo concentrations in the standard {\ensuremath{\Lambda}} cold dark matter cosmology}",
	journal = {\mnras},
	keywords = {galaxies: haloes, cosmology: theory, dark matter, Astrophysics - Cosmology and Nongalactic Astrophysics},
	year = 2012,
	month = jul,
	volume = {423},
	number = {4},
	pages = {3018-3030},
	doi = {10.1111/j.1365-2966.2012.21007.x},
	archivePrefix = {arXiv},
	eprint = {1104.5130},
	primaryClass = {astro-ph.CO},
	adsurl = {https://ui.adsabs.harvard.edu/abs/2012MNRAS.423.3018P},
	adsnote = {Provided by the SAO/NASA Astrophysics Data System}
}

@ARTICLE{Bullock++01,
	author = {{Bullock}, J.~S. and {Kolatt}, T.~S. and {Sigad}, Y. and
	{Somerville}, R.~S. and {Kravtsov}, A.~V. and {Klypin}, A.~A. and
	{Primack}, J.~R. and {Dekel}, A.},
	title = "{Profiles of dark haloes: evolution, scatter and environment}",
	journal = {\mnras},
	keywords = {GALAXIES: FORMATION, GALAXIES: STRUCTURE, COSMOLOGY: THEORY, DARK MATTER, galaxies: formation, galaxies: structure, cosmology: theory, dark matter, Astrophysics},
	year = 2001,
	month = mar,
	volume = {321},
	number = {3},
	pages = {559-575},
	doi = {10.1046/j.1365-8711.2001.04068.x},
	archivePrefix = {arXiv},
	eprint = {astro-ph/9908159},
	primaryClass = {astro-ph},
	adsurl = {https://ui.adsabs.harvard.edu/abs/2001MNRAS.321..559B},
	adsnote = {Provided by the SAO/NASA Astrophysics Data System}
}

@ARTICLE{Gilman++19b,
	author = {{Gilman}, Daniel and {Birrer}, Simon and {Nierenberg}, Anna and
	{Treu}, Tommaso and {Du}, Xiaolong and {Benson}, Andrew},
	title = "{Warm dark matter chills out: constraints on the halo mass function and the free-streaming length of dark matter with eight quadruple-image strong gravitational lenses}",
	journal = {\mnras},
	keywords = {gravitational lensing: strong, methods: statistical, galaxies: structure, dark matter, Astrophysics - Cosmology and Nongalactic Astrophysics, Astrophysics - Astrophysics of Galaxies},
	year = 2020,
	month = feb,
	volume = {491},
	number = {4},
	pages = {6077-6101},
	doi = {10.1093/mnras/stz3480},
	archivePrefix = {arXiv},
	eprint = {1908.06983},
	primaryClass = {astro-ph.CO},
	adsurl = {https://ui.adsabs.harvard.edu/abs/2020MNRAS.491.6077G},
	adsnote = {Provided by the SAO/NASA Astrophysics Data System}
}

@ARTICLE{Strigari++07,
	author = {{Strigari}, Louis E. and {Koushiappas}, Savvas M. and
	{Bullock}, James S. and {Kaplinghat}, Manoj},
	title = "{Precise constraints on the dark matter content of MilkyWay dwarf galaxies for gamma-ray experiments}",
	journal = {\prd},
	keywords = {95.35.+d, 14.80.Ly, 98.35.Gi, 98.62.Gq, Dark matter, Supersymmetric partners of known particles, Galactic halo, Galactic halos, Astrophysics},
	year = 2007,
	month = apr,
	volume = {75},
	number = {8},
	eid = {083526},
	pages = {083526},
	doi = {10.1103/PhysRevD.75.083526},
	archivePrefix = {arXiv},
	eprint = {astro-ph/0611925},
	primaryClass = {astro-ph},
	adsurl = {https://ui.adsabs.harvard.edu/abs/2007PhRvD..75h3526S},
	adsnote = {Provided by the SAO/NASA Astrophysics Data System}
}


@ARTICLE{Eke++01,
	author = {{Eke}, Vincent R. and {Navarro}, Julio F. and {Steinmetz}, Matthias},
	title = "{The Power Spectrum Dependence of Dark Matter Halo Concentrations}",
	journal = {\apj},
	keywords = {Cosmology: Theory, Cosmology: Dark Matter, Galaxies: Formation, Galaxies: Halos, Galaxies: Structure, Astrophysics},
	year = 2001,
	month = jun,
	volume = {554},
	number = {1},
	pages = {114-125},
	doi = {10.1086/321345},
	archivePrefix = {arXiv},
	eprint = {astro-ph/0012337},
	primaryClass = {astro-ph},
	adsurl = {https://ui.adsabs.harvard.edu/abs/2001ApJ...554..114E},
	adsnote = {Provided by the SAO/NASA Astrophysics Data System}
}

@ARTICLE{Navarro++97,
	author = {{Navarro}, Julio F. and {Frenk}, Carlos S. and {White}, Simon D.~M.},
	title = "{A Universal Density Profile from Hierarchical Clustering}",
	journal = {\apj},
	keywords = {Cosmology: Theory, Cosmology: Dark Matter, Galaxies: Halos, Methods: Numerical, Astrophysics},
	year = 1997,
	month = dec,
	volume = {490},
	number = {2},
	pages = {493-508},
	doi = {10.1086/304888},
	archivePrefix = {arXiv},
	eprint = {astro-ph/9611107},
	primaryClass = {astro-ph},
	adsurl = {https://ui.adsabs.harvard.edu/abs/1997ApJ...490..493N},
	adsnote = {Provided by the SAO/NASA Astrophysics Data System}
}

@ARTICLE{Garzilli++19,
	author = {{Garzilli}, A. and {Ruchayskiy}, O. and {Magalich}, A. and
	{Boyarsky}, A.},
	title = "{How warm is too warm? Towards robust Lyman-$\alpha$ forest bounds on warm dark matter}",
	journal = {arXiv e-prints},
	keywords = {Astrophysics - Cosmology and Nongalactic Astrophysics, High Energy Physics - Phenomenology},
	year = 2019,
	month = dec,
	eid = {arXiv:1912.09397},
	pages = {arXiv:1912.09397},
	archivePrefix = {arXiv},
	eprint = {1912.09397},
	primaryClass = {astro-ph.CO},
	adsurl = {https://ui.adsabs.harvard.edu/abs/2019arXiv191209397G},
	adsnote = {Provided by the SAO/NASA Astrophysics Data System}
}

@ARTICLE{MaoSchneider98,
	author = {{Mao}, Shude and {Schneider}, Peter},
	title = "{Evidence for substructure in lens galaxies?}",
	journal = {\mnras},
	keywords = {Gravitational Lenses, Galactic Structure, Quasars, Astronomical Models, Parameterization, Flux (Rate), Astrophysics, QUASARS: GENERAL, GALAXIES: STRUCTURE, GRAVITATIONAL LENSING, Astrophysics},
	year = 1998,
	month = apr,
	volume = {295},
	number = {3},
	pages = {587-594},
	doi = {10.1046/j.1365-8711.1998.01319.x},
	archivePrefix = {arXiv},
	eprint = {astro-ph/9707187},
	primaryClass = {astro-ph},
	adsurl = {https://ui.adsabs.harvard.edu/abs/1998MNRAS.295..587M},
	adsnote = {Provided by the SAO/NASA Astrophysics Data System}
}

@BOOK{MisnerThorneWheeler,
	author = {{Misner}, Charles W. and {Thorne}, Kip S. and {Wheeler}, John A.},
	title = "{Gravitation}",
	year = 1973,
	adsurl = {https://ui.adsabs.harvard.edu/abs/1973grav.book.....M},
	adsnote = {Provided by the SAO/NASA Astrophysics Data System}
}

@ARTICLE{Boyarsky++14,
	author = {{Boyarsky}, A. and {Ruchayskiy}, O. and {Iakubovskyi}, D. and
	{Franse}, J.},
	title = "{Unidentified Line in X-Ray Spectra of the Andromeda Galaxy and Perseus Galaxy Cluster}",
	journal = {\prl},
	keywords = {95.35.+d, 13.35.Hb, 14.60.St, 95.85.Nv, Dark matter, Decays of heavy neutrinos, Non-standard-model neutrinos right-handed neutrinos etc., X-ray, Astrophysics - Cosmology and Nongalactic Astrophysics, Astrophysics - Astrophysics of Galaxies, Astrophysics - High Energy Astrophysical Phenomena, High Energy Physics - Phenomenology},
	year = 2014,
	month = dec,
	volume = {113},
	number = {25},
	eid = {251301},
	pages = {251301},
	doi = {10.1103/PhysRevLett.113.251301},
	archivePrefix = {arXiv},
	eprint = {1402.4119},
	primaryClass = {astro-ph.CO},
	adsurl = {https://ui.adsabs.harvard.edu/abs/2014PhRvL.113y1301B},
	adsnote = {Provided by the SAO/NASA Astrophysics Data System}
}

@ARTICLE{Nishikawa++20,
	author = {{Nishikawa}, Hiroya and {Boddy}, Kimberly K. and {Kaplinghat}, Manoj},
	title = "{Accelerated core collapse in tidally stripped self-interacting dark matter halos}",
	journal = {\prd},
	keywords = {Astrophysics - Astrophysics of Galaxies, Astrophysics - Cosmology and Nongalactic Astrophysics, High Energy Physics - Phenomenology},
	year = 2020,
	month = mar,
	volume = {101},
	number = {6},
	eid = {063009},
	pages = {063009},
	doi = {10.1103/PhysRevD.101.063009},
	archivePrefix = {arXiv},
	eprint = {1901.00499},
	primaryClass = {astro-ph.GA},
	adsurl = {https://ui.adsabs.harvard.edu/abs/2020PhRvD.101f3009N},
	adsnote = {Provided by the SAO/NASA Astrophysics Data System}
}

@ARTICLE{Robles++19,
	author = {{Robles}, Victor H. and {Kelley}, Tyler and {Bullock}, James S. and
	{Kaplinghat}, Manoj},
	title = "{The Milky Way's halo and subhaloes in self-interacting dark matter}",
	journal = {\mnras},
	keywords = {Galaxy: formation, galaxies: haloes, dark matter, Astrophysics - Astrophysics of Galaxies, Astrophysics - High Energy Astrophysical Phenomena},
	year = 2019,
	month = dec,
	volume = {490},
	number = {2},
	pages = {2117-2123},
	doi = {10.1093/mnras/stz2345},
	archivePrefix = {arXiv},
	eprint = {1903.01469},
	primaryClass = {astro-ph.GA},
	adsurl = {https://ui.adsabs.harvard.edu/abs/2019MNRAS.490.2117R},
	adsnote = {Provided by the SAO/NASA Astrophysics Data System}
}

@ARTICLE{LyndenBell67,
	author = {{Lynden-Bell}, D.},
	title = "{Statistical mechanics of violent relaxation in stellar systems}",
	journal = {\mnras},
	year = 1967,
	month = jan,
	volume = {136},
	pages = {101},
	doi = {10.1093/mnras/136.1.101},
	adsurl = {https://ui.adsabs.harvard.edu/abs/1967MNRAS.136..101L},
	adsnote = {Provided by the SAO/NASA Astrophysics Data System}
}

@ARTICLE{Nierenberg++19,
	author = {{Nierenberg}, A.~M. and {Gilman}, D. and {Treu}, T. and {Brammer}, G. and
	{Birrer}, S. and {Moustakas}, L. and {Agnello}, A. and {Anguita}, T. and
	{Fassnacht}, C.~D. and {Motta}, V. and {Peter}, A.~H.~G. and
	{Sluse}, D.},
	title = "{Double dark matter vision: twice the number of compact-source lenses with narrow-line lensing and the WFC3 Grism}",
	journal = {arXiv e-prints},
	keywords = {Astrophysics - Astrophysics of Galaxies, Astrophysics - Cosmology and Nongalactic Astrophysics},
	year = "2019",
	month = "Aug",
	eid = {arXiv:1908.06344},
	pages = {arXiv:1908.06344},
	archivePrefix = {arXiv},
	eprint = {1908.06344},
	primaryClass = {astro-ph.GA},
	adsurl = {https://ui.adsabs.harvard.edu/abs/2019arXiv190806344N},
	adsnote = {Provided by the SAO/NASA Astrophysics Data System}
}

@ARTICLE{Sugai++07,
	author = {{Sugai}, Hajime and {Kawai}, Atsushi and {Shimono}, Atsushi and
	{Hattori}, Takashi and {Kosugi}, George and {Kashikawa}, Nobunari and
	{Inoue}, Kaiki Taro and {Chiba}, Masashi},
	title = "{Integral Field Spectroscopy of the Quadruply Lensed Quasar 1RXS J1131-1231: New Light on Lens Substructures}",
	journal = {\apj},
	keywords = {Cosmology: Dark Matter, Cosmology: Gravitational Lensing, Galaxies: Quasars: Emission Lines, quasars: individual (1RXS J1131-1231), Astrophysics},
	year = "2007",
	month = "May",
	volume = {660},
	number = {2},
	pages = {1016-1022},
	doi = {10.1086/513731},
	archivePrefix = {arXiv},
	eprint = {astro-ph/0702392},
	primaryClass = {astro-ph},
	adsurl = {https://ui.adsabs.harvard.edu/abs/2007ApJ...660.1016S},
	adsnote = {Provided by the SAO/NASA Astrophysics Data System}
}

@ARTICLE{Nadler++19,
	author = {{Nadler}, Ethan O. and {Mao}, Yao-Yuan and {Green}, Gregory M. and
	{Wechsler}, Risa H.},
	title = "{Modeling the Connection between Subhalos and Satellites in Milky Way-like Systems}",
	journal = {\apj},
	keywords = {galaxies: abundances, galaxies: halos, Local Group, methods: numerical, Astrophysics - Astrophysics of Galaxies, Astrophysics - Cosmology and Nongalactic Astrophysics},
	year = "2019",
	month = "Mar",
	volume = {873},
	number = {1},
	eid = {34},
	pages = {34},
	doi = {10.3847/1538-4357/ab040e},
	archivePrefix = {arXiv},
	eprint = {1809.05542},
	primaryClass = {astro-ph.GA},
	adsurl = {https://ui.adsabs.harvard.edu/abs/2019ApJ...873...34N},
	adsnote = {Provided by the SAO/NASA Astrophysics Data System}
}

@article {Beaumont++02,
	author = {Beaumont, Mark A. and Zhang, Wenyang and Balding, David J.},
	title = {Approximate Bayesian Computation in Population Genetics},
	volume = {162},
	number = {4},
	pages = {2025--2035},
	year = {2002},
	publisher = {Genetics},
	abstract = {We propose a new method for approximate Bayesian statistical inference on the basis of summary statistics. The method is suited to complex problems that arise in population genetics, extending ideas developed in this setting by earlier authors. Properties of the posterior distribution of a parameter, such as its mean or density curve, are approximated without explicit likelihood calculations. This is achieved by fitting a local-linear regression of simulated parameter values on simulated summary statistics, and then substituting the observed summary statistics into the regression equation. The method combines many of the advantages of Bayesian statistical inference with the computational efficiency of methods based on summary statistics. A key advantage of the method is that the nuisance parameters are automatically integrated out in the simulation step, so that the large numbers of nuisance parameters that arise in population genetics problems can be handled without difficulty. Simulation results indicate computational and statistical efficiency that compares favorably with those of alternative methods previously proposed in the literature. We also compare the relative efficiency of inferences obtained using methods based on summary statistics with those obtained directly from the data using MCMC.},
	issn = {0016-6731},
	URL = {https://www.genetics.org/content/162/4/2025},
	eprint = {https://www.genetics.org/content/162/4/2025.full.pdf},
	journal = {Genetics}
}

@ARTICLE{Pullen++14,
	author = {{Pullen}, Anthony R. and {Benson}, Andrew J. and
	{Moustakas}, Leonidas A.},
	title = "{Nonlinear Evolution of Dark Matter Subhalos and Applications to Warm Dark Matter}",
	journal = {\apj},
	keywords = {cosmology: theory, dark matter, galaxies: formation, galaxies: halos, Astrophysics - Cosmology and Nongalactic Astrophysics},
	year = "2014",
	month = "Sep",
	volume = {792},
	number = {1},
	eid = {24},
	pages = {24},
	doi = {10.1088/0004-637X/792/1/24},
	archivePrefix = {arXiv},
	eprint = {1407.8189},
	primaryClass = {astro-ph.CO},
	adsurl = {https://ui.adsabs.harvard.edu/abs/2014ApJ...792...24P},
	adsnote = {Provided by the SAO/NASA Astrophysics Data System}
}

@ARTICLE{Falco++97,
	author = {{Falco}, Emilio E. and {Lehar}, Joseph and {Shapiro}, Irwin I.},
	title = "{HST Observations and Models of the Gravitational Lens System MG 0414+0534}",
	journal = {\apj},
	keywords = {DISTANCE SCALE, GRAVITATIONAL LENSING, Astrophysics},
	year = "1997",
	month = "Feb",
	volume = {113},
	pages = {540},
	doi = {10.1086/118274},
	archivePrefix = {arXiv},
	eprint = {astro-ph/9612182},
	primaryClass = {astro-ph},
	adsurl = {https://ui.adsabs.harvard.edu/abs/1997AJ....113..540F},
	adsnote = {Provided by the SAO/NASA Astrophysics Data System}
}

@ARTICLE{Katz++97,
	author = {{Katz}, C.~A. and {Moore}, C.~B. and {Hewitt}, J.~N.},
	title = "{Multifrequency Radio Observations of the Gravitational Lens System MG 0414+0534}",
	journal = {\apj},
	keywords = {Galaxies: Quasars: Individual: Alphanumeric: MG 0414+0534, Cosmology: Gravitational Lensing, Radio Continuum: Galaxies, Astrophysics},
	year = "1997",
	month = "Feb",
	volume = {475},
	number = {2},
	pages = {512-518},
	doi = {10.1086/303575},
	archivePrefix = {arXiv},
	eprint = {astro-ph/9609104},
	primaryClass = {astro-ph},
	adsurl = {https://ui.adsabs.harvard.edu/abs/1997ApJ...475..512K},
	adsnote = {Provided by the SAO/NASA Astrophysics Data System}
}

@ARTICLE{Phillips++00,
	author = {{Phillips}, P.~M. and {Norbury}, M.~A. and {Koopmans}, L.~V.~E. and
	{Browne}, I.~W.~A. and {Jackson}, N.~J. and {Wilkinson}, P.~N. and
	{Biggs}, A.~D. and {Blandford}, R.~D. and {de Bruyn}, A.~G. and
	{Fassnacht}, C.~D. and {Helbig}, P. and {Mao}, S. and {Marlow}, D.~R. and
	{Myers}, S.~T. and {Pearson}, T.~J. and {Readhead}, A.~C.~S. and
	{Rusin}, D. and {Xanthopoulos}, E.},
	title = "{A new quadruple gravitational lens system: CLASS B0128+437}",
	journal = {\mnras},
	keywords = {QUASARS: INDIVIDUAL: B0128+437, COSMOLOGY: OBSERVATIONS, GRAVITATIONAL LENSING, Astrophysics},
	year = "2000",
	month = "Dec",
	volume = {319},
	number = {2},
	pages = {L7-L11},
	doi = {10.1046/j.1365-8711.2000.04033.x},
	archivePrefix = {arXiv},
	eprint = {astro-ph/0009334},
	primaryClass = {astro-ph},
	adsurl = {https://ui.adsabs.harvard.edu/abs/2000MNRAS.319L...7P},
	adsnote = {Provided by the SAO/NASA Astrophysics Data System}
}

@ARTICLE{Morgan++08,
	author = {{Morgan}, Christopher W. and {Kochanek}, Christopher. S. and
	{Dai}, Xinyu and {Morgan}, Nicholas D. and {Falco}, Emilio E.},
	title = "{X-Ray and Optical Microlensing in the Lensed Quasar PG 1115+080}",
	journal = {\apj},
	keywords = {accretion, accretion disks, dark matter, gravitational lensing, quasars: individual: PG 1115+080, Astrophysics},
	year = "2008",
	month = "Dec",
	volume = {689},
	number = {2},
	pages = {755-761},
	doi = {10.1086/592767},
	archivePrefix = {arXiv},
	eprint = {0802.1210},
	primaryClass = {astro-ph},
	adsurl = {https://ui.adsabs.harvard.edu/abs/2008ApJ...689..755M},
	adsnote = {Provided by the SAO/NASA Astrophysics Data System}
}

@ARTICLE{Lagattuta++10,
	author = {{Lagattuta}, David J. and {Fassnacht}, Christopher D. and
	{Auger}, Matthew W. and {Marshall}, Philip J. and
	{Brada{\v{c}}}, Maru{\v{s}}a and {Treu}, Tommaso and
	{Gavazzi}, Rapha{\"e}l and {Schrabback}, Tim and {Faure}, C{\'e}cile and
	{Anguita}, Timo},
	title = "{Cosmic Evolution of Virial and Stellar Mass in Massive Early-type Galaxies}",
	journal = {\apj},
	keywords = {dark matter, galaxies: elliptical and lenticular, cD, galaxies: evolution, galaxies: structure, gravitational lensing: strong, gravitational lensing: weak, Astrophysics - Cosmology and Nongalactic Astrophysics},
	year = "2010",
	month = "Jun",
	volume = {716},
	number = {2},
	pages = {1579-1595},
	doi = {10.1088/0004-637X/716/2/1579},
	archivePrefix = {arXiv},
	eprint = {0911.2236},
	primaryClass = {astro-ph.CO},
	adsurl = {https://ui.adsabs.harvard.edu/abs/2010ApJ...716.1579L},
	adsnote = {Provided by the SAO/NASA Astrophysics Data System}
}

@ARTICLE{Hsueh++17,
	author = {{Hsueh}, J. -W. and {Oldham}, L. and {Spingola}, C. and {Vegetti}, S. and
	{Fassnacht}, C.~D. and {Auger}, M.~W. and {Koopmans}, L.~V.~E. and
	{McKean}, J.~P. and {Lagattuta}, D.~J.},
	title = "{SHARP - IV. An apparent flux-ratio anomaly resolved by the edge-on disc in B0712+472}",
	journal = {\mnras},
	keywords = {gravitational lensing: strong, quasars: individual: CLASS B0712+472 - galaxies: structure, Astrophysics - Astrophysics of Galaxies, Astrophysics - Cosmology and Nongalactic Astrophysics},
	year = "2017",
	month = "Aug",
	volume = {469},
	number = {3},
	pages = {3713-3721},
	doi = {10.1093/mnras/stx1082},
	archivePrefix = {arXiv},
	eprint = {1701.06575},
	primaryClass = {astro-ph.GA},
	adsurl = {https://ui.adsabs.harvard.edu/abs/2017MNRAS.469.3713H},
	adsnote = {Provided by the SAO/NASA Astrophysics Data System}
}

@ARTICLE{Ros++00,
	author = {{Ros}, E. and {Guirado}, J.~C. and {Marcaide}, J.~M. and
	{P{\'e}rez-Torres}, M.~A. and {Falco}, E.~E. and {Mu{\~n}oz}, J.~A. and
	{Alberdi}, A. and {Lara}, L.},
	title = "{VLBI imaging of the gravitational lens MG J0414+0534}",
	journal = {\aap},
	keywords = {TECHNIQUES: INTERFEROMETRIC, GALAXIES: JETS, GALAXIES: QUASARS: INDIVIDUAL: MG J0414+0534, COSMOLOGY: GRAVITATIONAL LENSING, Astrophysics},
	year = "2000",
	month = "Oct",
	volume = {362},
	pages = {845-850},
	archivePrefix = {arXiv},
	eprint = {astro-ph/0009493},
	primaryClass = {astro-ph},
	adsurl = {https://ui.adsabs.harvard.edu/abs/2000A&A...362..845R},
	adsnote = {Provided by the SAO/NASA Astrophysics Data System}
}

@ARTICLE{Chiba++05,
	author = {{Chiba}, Masashi and {Minezaki}, Takeo and {Kashikawa}, Nobunari and
	{Kataza}, Hirokazu and {Inoue}, Kaiki Taro},
	title = "{Subaru Mid-Infrared Imaging of the Quadruple Lenses PG 1115+080 and B1422+231: Limits on Substructure Lensing}",
	journal = {\apj},
	keywords = {Cosmology: Gravitational Lensing, Infrared: Galaxies, Galaxies: Quasars: Individual: Alphanumeric: B1422+231, Galaxies: Quasars: Individual: Alphanumeric: PG 1115+080, Astrophysics},
	year = "2005",
	month = "Jul",
	volume = {627},
	number = {1},
	pages = {53-61},
	doi = {10.1086/430403},
	archivePrefix = {arXiv},
	eprint = {astro-ph/0503487},
	primaryClass = {astro-ph},
	adsurl = {https://ui.adsabs.harvard.edu/abs/2005ApJ...627...53C},
	adsnote = {Provided by the SAO/NASA Astrophysics Data System}
}

@ARTICLE{Homma++19,
	author = {{Homma}, D. and {Chiba}, M. and {Komiyama}, Y. and {Tanaka}, M. and 
	{Okamoto}, S. and {Tanaka}, M. and {Ishigaki}, M.~N. and {Hayashi}, K. and 
	{Arimoto}, N. and {Carlsten}, S.~G. and {Lupton}, R.~H. and 
	{Strauss}, M.~A. and {Miyazaki}, S. and {Torrealba}, G. and 
	{Wang}, S.-Y. and {Murayama}, H.},
	title = "{Bo$\backslash$``otes IV: A New Milky Way Satellite Discovered in the Subaru Hyper Suprime-Cam Survey and Implications for the Missing Satellite Problem}",
	journal = {arXiv e-prints},
	archivePrefix = "arXiv",
	eprint = {1906.07332},
	keywords = {Astrophysics - Astrophysics of Galaxies, Astrophysics - Cosmology and Nongalactic Astrophysics},
	year = 2019,
	month = jun,
	adsurl = {https://ui.adsabs.harvard.edu/abs/2019arXiv190607332H},
	adsnote = {Provided by the SAO/NASA Astrophysics Data System}
}

@ARTICLE{McKean++07,
	author = {{McKean}, J.~P. and {Koopmans}, L.~V.~E. and {Flack}, C.~E. and
	{Fassnacht}, C.~D. and {Thompson}, D. and {Matthews}, K. and {Bland
	ford}, R.~D. and {Readhead}, A.~C.~S. and {Soifer}, B.~T.},
	title = "{High-resolution imaging of the anomalous flux ratio gravitational lens system CLASS B2045+265: dark or luminous satellites?}",
	journal = {\mnras},
	keywords = {gravitational lensing, quasars: individual: CLASS B2045+265, cosmology: observations, Astrophysics},
	year = "2007",
	month = "Jun",
	volume = {378},
	number = {1},
	pages = {109-118},
	doi = {10.1111/j.1365-2966.2007.11744.x},
	archivePrefix = {arXiv},
	eprint = {astro-ph/0611215},
	primaryClass = {astro-ph},
	adsurl = {https://ui.adsabs.harvard.edu/abs/2007MNRAS.378..109M},
	adsnote = {Provided by the SAO/NASA Astrophysics Data System}
}

@ARTICLE{Dooley++17,
	author = {{Dooley}, Gregory A. and {Peter}, Annika H.~G. and {Carlin}, Jeffrey L. and
	{Frebel}, Anna and {Bechtol}, Keith and {Willman}, Beth},
	title = "{The predicted luminous satellite populations around SMC- and LMC-mass galaxies - a missing satellite problem around the LMC?}",
	journal = {\mnras},
	keywords = {methods: numerical, galaxies: dwarf, galaxies: haloes, Magellanic Clouds, methods: numerical - galaxies: dwarf - galaxies: haloes - Magellanic Clouds, Astrophysics - Astrophysics of Galaxies},
	year = "2017",
	month = "Nov",
	volume = {472},
	number = {1},
	pages = {1060-1073},
	doi = {10.1093/mnras/stx2001},
	archivePrefix = {arXiv},
	eprint = {1703.05321},
	primaryClass = {astro-ph.GA},
	adsurl = {https://ui.adsabs.harvard.edu/abs/2017MNRAS.472.1060D},
	adsnote = {Provided by the SAO/NASA Astrophysics Data System}
}

@ARTICLE{Newton++18,
	author = {{Newton}, Oliver and {Cautun}, Marius and {Jenkins}, Adrian and
	{Frenk}, Carlos S. and {Helly}, John C.},
	title = "{The total satellite population of the Milky Way}",
	journal = {\mnras},
	keywords = {Galaxy: halo, galaxies: dwarf, dark matter, Astrophysics - Astrophysics of Galaxies},
	year = "2018",
	month = "Sep",
	volume = {479},
	number = {3},
	pages = {2853-2870},
	doi = {10.1093/mnras/sty1085},
	archivePrefix = {arXiv},
	eprint = {1708.04247},
	primaryClass = {astro-ph.GA},
	adsurl = {https://ui.adsabs.harvard.edu/abs/2018MNRAS.479.2853N},
	adsnote = {Provided by the SAO/NASA Astrophysics Data System}
}

@ARTICLE{vandenBosch++18,
	author = {{van den Bosch}, Frank C. and {Ogiya}, Go and {Hahn}, Oliver and
	{Burkert}, Andreas},
	title = "{Disruption of dark matter substructure: fact or fiction?}",
	journal = {\mnras},
	keywords = {gravitation, methods: analytical, methods: numerical, galaxies: haloes, dark matter, Astrophysics - Astrophysics of Galaxies, Astrophysics - Cosmology and Nongalactic Astrophysics},
	year = "2018",
	month = "Mar",
	volume = {474},
	number = {3},
	pages = {3043-3066},
	doi = {10.1093/mnras/stx2956},
	archivePrefix = {arXiv},
	eprint = {1711.05276},
	primaryClass = {astro-ph.GA},
	adsurl = {https://ui.adsabs.harvard.edu/abs/2018MNRAS.474.3043V},
	adsnote = {Provided by the SAO/NASA Astrophysics Data System}
}

@ARTICLE{ErraniPenarrubia19,
	author = {{Errani}, Rapha{\"e}l and {Pe{\~n}arrubia}, Jorge},
	title = "{Can tides disrupt cold dark matter subhaloes?}",
	journal = {arXiv e-prints},
	keywords = {Astrophysics - Astrophysics of Galaxies},
	year = "2019",
	month = "Jun",
	eid = {arXiv:1906.01642},
	pages = {arXiv:1906.01642},
	archivePrefix = {arXiv},
	eprint = {1906.01642},
	primaryClass = {astro-ph.GA},
	adsurl = {https://ui.adsabs.harvard.edu/abs/2019arXiv190601642E},
	adsnote = {Provided by the SAO/NASA Astrophysics Data System}
}

@ARTICLE{Hsueh++19,
	author = {{Hsueh}, Jen-Wei and {Enzi}, Wolfgang and {Vegetti}, Simona and
	{Auger}, Matt and {Fassnacht}, Christopher D. and {Despali}, Giulia and
	{Koopmans}, Leon V.~E. and {McKean}, John P.},
	title = "{SHARP -- VII. New constraints on warm dark matter free-streaming properties and substructure abundance from flux-ratio anomalous lensed quasars}",
	journal = {arXiv e-prints},
	keywords = {Astrophysics - Cosmology and Nongalactic Astrophysics, Astrophysics - Astrophysics of Galaxies},
	year = "2019",
	month = "May",
	eid = {arXiv:1905.04182},
	pages = {arXiv:1905.04182},
	archivePrefix = {arXiv},
	eprint = {1905.04182},
	primaryClass = {astro-ph.CO},
	adsurl = {https://ui.adsabs.harvard.edu/abs/2019arXiv190504182H},
	adsnote = {Provided by the SAO/NASA Astrophysics Data System}
}

@ARTICLE{Boylan-Kolchin++11,
	author = {{Boylan-Kolchin}, Michael and {Bullock}, James S. and
	{Kaplinghat}, Manoj},
	title = "{Too big to fail? The puzzling darkness of massive Milky Way subhaloes}",
	journal = {\mnras},
	keywords = {Galaxy: halo, galaxies: abundances, cosmology: theory, dark matter, Astrophysics - Cosmology and Extragalactic Astrophysics, Astrophysics - Galaxy Astrophysics},
	year = "2011",
	month = "Jul",
	volume = {415},
	number = {1},
	pages = {L40-L44},
	doi = {10.1111/j.1745-3933.2011.01074.x},
	archivePrefix = {arXiv},
	eprint = {1103.0007},
	primaryClass = {astro-ph.CO},
	adsurl = {https://ui.adsabs.harvard.edu/abs/2011MNRAS.415L..40B},
	adsnote = {Provided by the SAO/NASA Astrophysics Data System}
}

@ARTICLE{Hofmann++01,
	author = {{Hofmann}, Stefan and {Schwarz}, Dominik J. and {St{\"o}cker}, Horst},
	title = "{Damping scales of neutralino cold dark matter}",
	journal = {\prd},
	keywords = {95.35.+d, 14.80.Ly, 98.35.Ce, 98.80.Cq, Dark matter, Supersymmetric partners of known particles, Mass and mass distribution, Particle-theory and field-theory models of the early Universe, Astrophysics, High Energy Physics - Phenomenology},
	year = "2001",
	month = "Oct",
	volume = {64},
	number = {8},
	pages = {083507},
	doi = {10.1103/PhysRevD.64.083507},
	archivePrefix = {arXiv},
	eprint = {astro-ph/0104173},
	primaryClass = {astro-ph},
	adsurl = {https://ui.adsabs.harvard.edu/abs/2001PhRvD..64h3507H},
	adsnote = {Provided by the SAO/NASA Astrophysics Data System}
}

@ARTICLE{Schneider++13,
	author = {{Schneider}, Aurel and {Smith}, Robert E. and {Reed}, Darren},
	title = "{Halo mass function and the free streaming scale}",
	journal = {\mnras},
	keywords = {cosmology: theory, dark matter, Astrophysics - Cosmology and Nongalactic Astrophysics},
	year = "2013",
	month = "Aug",
	volume = {433},
	number = {2},
	pages = {1573-1587},
	doi = {10.1093/mnras/stt829},
	archivePrefix = {arXiv},
	eprint = {1303.0839},
	primaryClass = {astro-ph.CO},
	adsurl = {https://ui.adsabs.harvard.edu/abs/2013MNRAS.433.1573S},
	adsnote = {Provided by the SAO/NASA Astrophysics Data System}
}

@ARTICLE{Metcalf++02,
	author = {{Metcalf}, R. Benton and {Zhao}, HongSheng},
	title = "{Flux Ratios as a Probe of Dark Substructures in Quadruple-Image Gravitational Lenses}",
	journal = {\apj},
	keywords = {Cosmology: Theory, Cosmology: Dark Matter, Galaxies: Formation, Cosmology: Gravitational Lensing, Astrophysics},
	year = "2002",
	month = "Mar",
	volume = {567},
	number = {1},
	pages = {L5-L8},
	doi = {10.1086/339798},
	archivePrefix = {arXiv},
	eprint = {astro-ph/0111427},
	primaryClass = {astro-ph},
	adsurl = {https://ui.adsabs.harvard.edu/abs/2002ApJ...567L...5M},
	adsnote = {Provided by the SAO/NASA Astrophysics Data System}
}

@ARTICLE{AvilaReese++01,
	author = {{Avila-Reese}, Vladimir and {Col{\'\i}n}, Pedro and
	{Valenzuela}, Octavio and {D'Onghia}, Elena and {Firmani}, Claudio},
	title = "{Formation and Structure of Halos in a Warm Dark Matter Cosmology}",
	journal = {\apj},
	keywords = {Cosmology: Dark Matter, Galaxies: Halos, Astrophysics},
	year = "2001",
	month = "Oct",
	volume = {559},
	number = {2},
	pages = {516-530},
	doi = {10.1086/322411},
	archivePrefix = {arXiv},
	eprint = {astro-ph/0010525},
	primaryClass = {astro-ph},
	adsurl = {https://ui.adsabs.harvard.edu/abs/2001ApJ...559..516A},
	adsnote = {Provided by the SAO/NASA Astrophysics Data System}
}

@ARTICLE{Zhao++03,
	author = {{Zhao}, D.~H. and {Mo}, H.~J. and {Jing}, Y.~P. and {B{\"o}rner}, G.},
	title = "{The growth and structure of dark matter haloes}",
	journal = {\mnras},
	keywords = {galaxies: clusters: general, galaxies: formation, cosmology: theory, dark matter, large-scale structure of Universe, Astrophysics},
	year = "2003",
	month = "Feb",
	volume = {339},
	number = {1},
	pages = {12-24},
	doi = {10.1046/j.1365-8711.2003.06135.x},
	archivePrefix = {arXiv},
	eprint = {astro-ph/0204108},
	primaryClass = {astro-ph},
	adsurl = {https://ui.adsabs.harvard.edu/abs/2003MNRAS.339...12Z},
	adsnote = {Provided by the SAO/NASA Astrophysics Data System}
}

@ARTICLE{deBlok++08,
	author = {{de Blok}, W.~J.~G. and {Walter}, F. and {Brinks}, E. and
	{Trachternach}, C. and {Oh}, S. -H. and {Kennicutt}, R.~C., Jr.},
	title = "{High-Resolution Rotation Curves and Galaxy Mass Models from THINGS}",
	journal = {\aj},
	keywords = {dark matter, galaxies: dwarf, galaxies: fundamental parameters, galaxies: kinematics and dynamics, galaxies: spiral, galaxies: structure, Astrophysics},
	year = "2008",
	month = "Dec",
	volume = {136},
	number = {6},
	pages = {2648-2719},
	doi = {10.1088/0004-6256/136/6/2648},
	archivePrefix = {arXiv},
	eprint = {0810.2100},
	primaryClass = {astro-ph},
	adsurl = {https://ui.adsabs.harvard.edu/abs/2008AJ....136.2648D},
	adsnote = {Provided by the SAO/NASA Astrophysics Data System}
}

@ARTICLE{Combes++19,
	author = {{Combes}, F. and {Garc{\'\i}a-Burillo}, S. and {Audibert}, A. and
	{Hunt}, L. and {Eckart}, A. and {Aalto}, S. and {Casasola}, V. and
	{Boone}, F. and {Krips}, M. and {Viti}, S.},
	title = "{ALMA observations of molecular tori around massive black holes}",
	journal = {\aap},
	keywords = {galaxies: active, galaxies: ISM, galaxies: kinematics and dynamics, galaxies: nuclei, galaxies: spiral, Astrophysics - Astrophysics of Galaxies},
	year = "2019",
	month = "Mar",
	volume = {623},
	eid = {A79},
	pages = {A79},
	doi = {10.1051/0004-6361/201834560},
	archivePrefix = {arXiv},
	eprint = {1811.00984},
	primaryClass = {astro-ph.GA},
	adsurl = {https://ui.adsabs.harvard.edu/abs/2019A&A...623A..79C},
	adsnote = {Provided by the SAO/NASA Astrophysics Data System}
}

@ARTICLE{ElitzurSholsman06,
	author = {{Elitzur}, Moshe and {Shlosman}, Isaac},
	title = "{The AGN-obscuring Torus: The End of the ``Doughnut'' Paradigm?}",
	journal = {\apj},
	keywords = {Galaxies: Active, Galaxies: Nuclei, Galaxies: Seyfert, Infrared: Galaxies, Galaxies: Quasars: General, Astrophysics},
	year = "2006",
	month = "Sep",
	volume = {648},
	number = {2},
	pages = {L101-L104},
	doi = {10.1086/508158},
	archivePrefix = {arXiv},
	eprint = {astro-ph/0605686},
	primaryClass = {astro-ph},
	adsurl = {https://ui.adsabs.harvard.edu/abs/2006ApJ...648L.101E},
	adsnote = {Provided by the SAO/NASA Astrophysics Data System}
}

@ARTICLE{Brammer++08,
	author = {{Brammer}, Gabriel B. and {van Dokkum}, Pieter G. and {Coppi}, Paolo},
	title = "{EAZY: A Fast, Public Photometric Redshift Code}",
	journal = {\apj},
	keywords = {cosmology: observations, galaxies: evolution, galaxies: formation, Astrophysics},
	year = "2008",
	month = "Oct",
	volume = {686},
	number = {2},
	pages = {1503-1513},
	doi = {10.1086/591786},
	archivePrefix = {arXiv},
	eprint = {0807.1533},
	primaryClass = {astro-ph},
	adsurl = {https://ui.adsabs.harvard.edu/abs/2008ApJ...686.1503B},
	adsnote = {Provided by the SAO/NASA Astrophysics Data System}
}

@ARTICLE{Castellano++19,
	author = {{Castellano}, Marco and {Menci}, Nicola and {Grazian}, Andrea and
	{Merle}, Alexander and {Sanchez}, Norma G. and {Schneider}, Aurel and
	{Totzauer}, Maximilian},
	title = "{Constraining Dark Matter models with extremely distant galaxies}",
	journal = {arXiv e-prints},
	keywords = {Astrophysics - Cosmology and Nongalactic Astrophysics, Astrophysics - Astrophysics of Galaxies},
	year = "2019",
	month = "Mar",
	eid = {arXiv:1903.12580},
	pages = {arXiv:1903.12580},
	archivePrefix = {arXiv},
	eprint = {1903.12580},
	primaryClass = {astro-ph.CO},
	adsurl = {https://ui.adsabs.harvard.edu/abs/2019arXiv190312580C},
	adsnote = {Provided by the SAO/NASA Astrophysics Data System}
}

@ARTICLE{Angulo++17,
	author = {{Angulo}, Raul E. and {Hahn}, Oliver and {Ludlow}, Aaron D. and
	{Bonoli}, Silvia},
	title = "{Earth-mass haloes and the emergence of NFW density profiles}",
	journal = {\mnras},
	keywords = {large-scale structure of Universe, cosmology: theory, Astrophysics - Cosmology and Nongalactic Astrophysics, Astrophysics - Astrophysics of Galaxies},
	year = "2017",
	month = "Nov",
	volume = {471},
	number = {4},
	pages = {4687-4701},
	doi = {10.1093/mnras/stx1658},
	archivePrefix = {arXiv},
	eprint = {1604.03131},
	primaryClass = {astro-ph.CO},
	adsurl = {https://ui.adsabs.harvard.edu/abs/2017MNRAS.471.4687A},
	adsnote = {Provided by the SAO/NASA Astrophysics Data System}
}

@ARTICLE{Delos++19,
	author = {{Sten Delos}, M. and {Bruff}, Margie and {Erickcek}, Adrienne L.},
	title = "{Predicting the density profiles of the first halos}",
	journal = {arXiv e-prints},
	keywords = {Astrophysics - Cosmology and Nongalactic Astrophysics, Astrophysics - Astrophysics of Galaxies},
	year = "2019",
	month = "May",
	eid = {arXiv:1905.05766},
	pages = {arXiv:1905.05766},
	archivePrefix = {arXiv},
	eprint = {1905.05766},
	primaryClass = {astro-ph.CO},
	adsurl = {https://ui.adsabs.harvard.edu/abs/2019arXiv190505766S},
	adsnote = {Provided by the SAO/NASA Astrophysics Data System}
}

@ARTICLE{Blackburne++11,
	author = {{Blackburne}, Jeffrey A. and {Pooley}, David and {Rappaport}, Saul and
	{Schechter}, Paul L.},
	title = "{Sizes and Temperature Profiles of Quasar Accretion Disks from Chromatic Microlensing}",
	journal = {\apj},
	keywords = {accretion, accretion disks, gravitational lensing: strong, quasars: general, Astrophysics - Cosmology and Extragalactic Astrophysics},
	year = "2011",
	month = "Mar",
	volume = {729},
	number = {1},
	eid = {34},
	pages = {34},
	doi = {10.1088/0004-637X/729/1/34},
	archivePrefix = {arXiv},
	eprint = {1007.1665},
	primaryClass = {astro-ph.CO},
	adsurl = {https://ui.adsabs.harvard.edu/abs/2011ApJ...729...34B},
	adsnote = {Provided by the SAO/NASA Astrophysics Data System}
}

@ARTICLE{Tegmark++04,
	author = {{Tegmark}, M. and {Strauss}, M.~A. and {Blanton}, M.~R. and 
	{Abazajian}, K. and {Dodelson}, S. and {Sandvik}, H. and {Wang}, X. and 
	{Weinberg}, D.~H. and {Zehavi}, I. and {Bahcall}, N.~A. and 
	{Hoyle}, F. and {Schlegel}, D. and {Scoccimarro}, R. and {Vogeley}, M.~S. and 
	{Berlind}, A. and {Budavari}, T. and {Connolly}, A. and {Eisenstein}, D.~J. and 
	{Finkbeiner}, D. and {Frieman}, J.~A. and {Gunn}, J.~E. and 
	{Hui}, L. and {Jain}, B. and {Johnston}, D. and {Kent}, S. and 
	{Lin}, H. and {Nakajima}, R. and {Nichol}, R.~C. and {Ostriker}, J.~P. and 
	{Pope}, A. and {Scranton}, R. and {Seljak}, U. and {Sheth}, R.~K. and 
	{Stebbins}, A. and {Szalay}, A.~S. and {Szapudi}, I. and {Xu}, Y. and 
	{Annis}, J. and {Brinkmann}, J. and {Burles}, S. and {Castander}, F.~J. and 
	{Csabai}, I. and {Loveday}, J. and {Doi}, M. and {Fukugita}, M. and 
	{Gillespie}, B. and {Hennessy}, G. and {Hogg}, D.~W. and {Ivezi{\'c}}, {\v Z}. and 
	{Knapp}, G.~R. and {Lamb}, D.~Q. and {Lee}, B.~C. and {Lupton}, R.~H. and 
	{McKay}, T.~A. and {Kunszt}, P. and {Munn}, J.~A. and {O'Connell}, L. and 
	{Peoples}, J. and {Pier}, J.~R. and {Richmond}, M. and {Rockosi}, C. and 
	{Schneider}, D.~P. and {Stoughton}, C. and {Tucker}, D.~L. and 
	{vanden Berk}, D.~E. and {Yanny}, B. and {York}, D.~G.},
	title = "{Cosmological parameters from SDSS and WMAP}",
	journal = {\prd},
	eprint = {astro-ph/0310723},
	keywords = {Observational cosmology},
	year = 2004,
	month = may,
	volume = 69,
	number = 10,
	eid = {103501},
	pages = {103501},
	doi = {10.1103/PhysRevD.69.103501},
	adsurl = {https://ui.adsabs.harvard.edu/abs/2004PhRvD..69j3501T},
	adsnote = {Provided by the SAO/NASA Astrophysics Data System}
}

@ARTICLE{ShiFuller99,
	author = {{Shi}, Xiangdong and {Fuller}, George M.},
	title = "{New Dark Matter Candidate: Nonthermal Sterile Neutrinos}",
	journal = {\prl},
	keywords = {Astrophysics, High Energy Physics - Phenomenology},
	year = "1999",
	month = "Apr",
	volume = {82},
	number = {14},
	pages = {2832-2835},
	doi = {10.1103/PhysRevLett.82.2832},
	archivePrefix = {arXiv},
	eprint = {astro-ph/9810076},
	primaryClass = {astro-ph},
	adsurl = {https://ui.adsabs.harvard.edu/abs/1999PhRvL..82.2832S},
	adsnote = {Provided by the SAO/NASA Astrophysics Data System}
}

@ARTICLE{Dodelson++94,
	author = {{Dodelson}, Scott and {Widrow}, Lawrence M.},
	title = "{Sterile neutrinos as dark matter}",
	journal = {\prl},
	keywords = {98.80.Cq, 12.15.Ff, 14.60.St, 95.35.+d, Particle-theory and field-theory models of the early Universe, Quark and lepton masses and mixing, Non-standard-model neutrinos right-handed neutrinos etc., Dark matter, High Energy Physics - Phenomenology, Astrophysics},
	year = "1994",
	month = "Jan",
	volume = {72},
	number = {1},
	pages = {17-20},
	doi = {10.1103/PhysRevLett.72.17},
	archivePrefix = {arXiv},
	eprint = {hep-ph/9303287},
	primaryClass = {hep-ph},
	adsurl = {https://ui.adsabs.harvard.edu/abs/1994PhRvL..72...17D},
	adsnote = {Provided by the SAO/NASA Astrophysics Data System}
}

@ARTICLE{Rusu++19,
	author = {{Rusu}, Cristian E. and {Wong}, Kenneth C. and {Bonvin}, Vivien and
	{Sluse}, Dominique and {Suyu}, Sherry H. and
	{Fassnacht}, Christopher D. and {Chan}, James H.~H. and
	{Hilbert}, Stefan and {Auger}, Matthew W. and {Sonnenfeld}, Alessandro and
	{Birrer}, Simon and {Courbin}, Frederic and {Treu}, Tommaso and
	{Chen}, Geoff C. -F. and {Halkola}, Aleksi and {Koopmans}, Leon V.~E. and
	{Marshall}, Philip J. and {Shajib}, Anowar J.},
	title = "{H0LiCOW XII. Lens mass model of WFI2033-4723 and blind measurement of its time-delay distance and $H_0$}",
	journal = {arXiv e-prints},
	keywords = {Astrophysics - Cosmology and Nongalactic Astrophysics},
	year = "2019",
	month = "May",
	eid = {arXiv:1905.09338},
	pages = {arXiv:1905.09338},
	archivePrefix = {arXiv},
	eprint = {1905.09338},
	primaryClass = {astro-ph.CO},
	adsurl = {https://ui.adsabs.harvard.edu/abs/2019arXiv190509338R},
	adsnote = {Provided by the SAO/NASA Astrophysics Data System}
}

@ARTICLE{Vuissoz++08,
	author = {{Vuissoz}, C. and {Courbin}, F. and {Sluse}, D. and {Meylan}, G. and
	{Chantry}, V. and {Eulaers}, E. and {Morgan}, C. and {Eyler}, M.~E. and
	{Kochanek}, C.~S. and {Coles}, J. and {Saha}, P. and {Magain}, P. and
	{Falco}, E.~E.},
	title = "{COSMOGRAIL: the COSmological MOnitoring of GRAvItational Lenses. VII. Time delays and the Hubble constant from WFI J2033-4723}",
	journal = {\aap},
	keywords = {gravitational lensing, cosmology: cosmological parameters, quasars: individual: WFI J2033-4723, Astrophysics},
	year = "2008",
	month = "Sep",
	volume = {488},
	number = {2},
	pages = {481-490},
	doi = {10.1051/0004-6361:200809866},
	archivePrefix = {arXiv},
	eprint = {0803.4015},
	primaryClass = {astro-ph},
	adsurl = {https://ui.adsabs.harvard.edu/abs/2008A&A...488..481V},
	adsnote = {Provided by the SAO/NASA Astrophysics Data System}
}

@ARTICLE{Morgan++05,
	author = {{Morgan}, N.~D. and {Kochanek}, C.~S. and {Pevunova}, O. and 
	{Schechter}, P.~L.},
	title = "{The Lens Redshift and Galaxy Environment for HE 0435-1223}",
	journal = {\aj},
	eprint = {astro-ph/0410614},
	keywords = {Galaxies: Distances and Redshifts, Galaxies: Individual: Alphanumeric: HE 0435-1223, Galaxies: Star Clusters, Gravitational Lensing},
	year = 2005,
	month = jun,
	volume = 129,
	pages = {2531-2541},
	doi = {10.1086/430145},
	adsurl = {https://ui.adsabs.harvard.edu/abs/2005AJ....129.2531M},
	adsnote = {Provided by the SAO/NASA Astrophysics Data System}
}

@ARTICLE{Wong++17,
	author = {{Wong}, K.~C. and {Suyu}, S.~H. and {Auger}, M.~W. and {Bonvin}, V. and 
	{Courbin}, F. and {Fassnacht}, C.~D. and {Halkola}, A. and {Rusu}, C.~E. and 
	{Sluse}, D. and {Sonnenfeld}, A. and {Treu}, T. and {Collett}, T.~E. and 
	{Hilbert}, S. and {Koopmans}, L.~V.~E. and {Marshall}, P.~J. and 
	{Rumbaugh}, N.},
	title = "{H0LiCOW - IV. Lens mass model of HE 0435-1223 and blind measurement of its time-delay distance for cosmology}",
	journal = {\mnras},
	archivePrefix = "arXiv",
	eprint = {1607.01403},
	keywords = {gravitational lensing: strong, cosmological parameters, distance scale},
	year = 2017,
	month = mar,
	volume = 465,
	pages = {4895-4913},
	doi = {10.1093/mnras/stw3077},
	adsurl = {https://ui.adsabs.harvard.edu/abs/2017MNRAS.465.4895W},
	adsnote = {Provided by the SAO/NASA Astrophysics Data System}
}

@ARTICLE{Bradshaw++19,
	author = {{Bradshaw}, Christopher and {Leauthaud}, Alexie and {Hearin}, Andrew and
	{Huang}, Song and {Behroozi}, Peter},
	title = "{Physical Correlations of the Scatter between Galaxy Mass, Stellar Content, and Halo Mass}",
	journal = {arXiv e-prints},
	keywords = {Astrophysics - Cosmology and Nongalactic Astrophysics, Astrophysics - Astrophysics of Galaxies},
	year = "2019",
	month = "May",
	eid = {arXiv:1905.09353},
	pages = {arXiv:1905.09353},
	archivePrefix = {arXiv},
	eprint = {1905.09353},
	primaryClass = {astro-ph.CO},
	adsurl = {https://ui.adsabs.harvard.edu/abs/2019arXiv190509353B},
	adsnote = {Provided by the SAO/NASA Astrophysics Data System}
}

@article{Rubin1984,
	ISSN = {00905364},
	URL = {http://www.jstor.org/stable/2240995},
	abstract = {A common reaction among applied statisticians is that the Bayesian statistician's energies in an applied problem must be directed at the a priori elicitation of one model specification from which an optimal design and all inferences follow automatically by applying Bayes's theorem to calculate conditional distributions of unknowns given knowns. I feel, however, that the applied Bayesian statistician's tool-kit should be more extensive and include tools that may be usefully labeled frequency calculations. Three types of Bayesianly justifiable and relevant frequency calculations are presented using examples to convey their use for the applied statistician.},
	author = {Donald B. Rubin},
	journal = {The Annals of Statistics},
	number = {4},
	pages = {1151--1172},
	publisher = {Institute of Mathematical Statistics},
	title = {Bayesianly Justifiable and Relevant Frequency Calculations for the Applies Statistician},
	volume = {12},
	year = {1984}
}

@ARTICLE{MirandaMaccio07,
	author = {{Miranda}, M. and {Macci{\`o}}, A.~V.},
	title = "{Constraining warm dark matter using QSO gravitational lensing}",
	journal = {\mnras},
	archivePrefix = "arXiv",
	eprint = {0706.0896},
	keywords = {gravitational lensing, galaxies: haloes, cosmology: theory, dark matter},
	year = 2007,
	month = dec,
	volume = 382,
	pages = {1225-1232},
	doi = {10.1111/j.1365-2966.2007.12440.x},
	adsurl = {http://adsabs.harvard.edu/abs/2007MNRAS.382.1225M},
	adsnote = {Provided by the SAO/NASA Astrophysics Data System}
}

@ARTICLE{FadleyKeeton12,
	author = {{Fadely}, R. and {Keeton}, C.~R.},
	title = "{Substructure in the lens HE 0435-1223}",
	journal = {\mnras},
	archivePrefix = "arXiv",
	eprint = {1109.0548},
	keywords = {gravitational lensing: strong, methods: statistical, galaxies: haloes, dark matter},
	year = 2012,
	month = jan,
	volume = 419,
	pages = {936-951},
	doi = {10.1111/j.1365-2966.2011.19729.x},
	adsurl = {http://adsabs.harvard.edu/abs/2012MNRAS.419..936F},
	adsnote = {Provided by the SAO/NASA Astrophysics Data System}
}

@ARTICLE{Birrer++19,
	author = {{Birrer}, S. and {Treu}, T. and {Rusu}, C.~E. and {Bonvin}, V. and 
	{Fassnacht}, C.~D. and {Chan}, J.~H.~H. and {Agnello}, A. and 
	{Shajib}, A.~J. and {Chen}, G.~C.-F. and {Auger}, M. and {Courbin}, F. and 
	{Hilbert}, S. and {Sluse}, D. and {Suyu}, S.~H. and {Wong}, K.~C. and 
	{Marshall}, P. and {Lemaux}, B.~C. and {Meylan}, G.},
	title = "{H0LiCOW - IX. Cosmographic analysis of the doubly imaged quasar SDSS 1206+4332 and a new measurement of the Hubble constant}",
	journal = {\mnras},
	archivePrefix = "arXiv",
	eprint = {1809.01274},
	keywords = {ravitational lensing: strong, cosmological parameters, dark energy},
	year = 2019,
	month = apr,
	volume = 484,
	pages = {4726-4753},
	doi = {10.1093/mnras/stz200},
	adsurl = {http://adsabs.harvard.edu/abs/2019MNRAS.484.4726B},
	adsnote = {Provided by the SAO/NASA Astrophysics Data System}
}

@ARTICLE{MacLeod++13,
	author = {{MacLeod}, C.~L. and {Jones}, R. and {Agol}, E. and {Kochanek}, C.~S.
	},
	title = "{Detection of Substructure in the Gravitationally Lensed Quasar MG0414+0534 Using Mid-infrared and Radio VLBI Observations}",
	journal = {\apj},
	archivePrefix = "arXiv",
	eprint = {1212.2166},
	primaryClass = "astro-ph.CO",
	keywords = {galaxies: structure, gravitational lensing: strong},
	year = 2013,
	month = aug,
	volume = 773,
	eid = {35},
	pages = {35},
	doi = {10.1088/0004-637X/773/1/35},
	adsurl = {http://adsabs.harvard.edu/abs/2013ApJ...773...35M},
	adsnote = {Provided by the SAO/NASA Astrophysics Data System}
}

@ARTICLE{Koopmans++03,
	author = {{Koopmans}, L.~V.~E. and {Biggs}, A. and {Blandford}, R.~D. and 
	{Browne}, I.~W.~A. and {Jackson}, N.~J. and {Mao}, S. and {Wilkinson}, P.~N. and 
	{de Bruyn}, A.~G. and {Wambsganss}, J.},
	title = "{Extrinsic Radio Variability of JVAS/CLASS Gravitational Lenses}",
	journal = {\apj},
	eprint = {astro-ph/0302189},
	keywords = {Cosmology: Gravitational Lensing, ISM: General, Scattering},
	year = 2003,
	month = oct,
	volume = 595,
	pages = {712-718},
	doi = {10.1086/377434},
	adsurl = {https://ui.adsabs.harvard.edu/abs/2003ApJ...595..712K},
	adsnote = {Provided by the SAO/NASA Astrophysics Data System}
}

@ARTICLE{StaceyMcKean++18,
	author = {{Stacey}, H.~R. and {McKean}, J.~P.},
	title = "{A flux-ratio anomaly in the CO spectral line emission from gravitationally lensed quasar MG J0414+0534}",
	journal = {\mnras},
	keywords = {gravitational lensing: strong, line: profiles, quasars: general, dark matter, submillimetre: general, submillimetre: ISM, Astrophysics - Astrophysics of Galaxies, Astrophysics - Cosmology and Nongalactic Astrophysics},
	year = "2018",
	month = "Nov",
	volume = {481},
	number = {1},
	pages = {L40-L44},
	doi = {10.1093/mnrasl/sly153},
	archivePrefix = {arXiv},
	eprint = {1808.05571},
	primaryClass = {astro-ph.GA},
	adsurl = {https://ui.adsabs.harvard.edu/abs/2018MNRAS.481L..40S},
	adsnote = {Provided by the SAO/NASA Astrophysics Data System}
}

@ARTICLE{Minezaki++09,
	author = {{Minezaki}, T. and {Chiba}, M. and {Kashikawa}, N. and {Inoue}, K.~T. and 
	{Kataza}, H.},
	title = "{Subaru Mid-Infrared Imaging of the Quadruple Lenses. II. Unveiling Lens Structure of MG0414+0534 and Q2237+030}",
	journal = {\apj},
	archivePrefix = "arXiv",
	eprint = {0903.2535},
	primaryClass = "astro-ph.CO",
	keywords = {gravitational lensing, infrared: galaxies, quasars: individual: MG0414+0534 Q2237+030},
	year = 2009,
	month = may,
	volume = 697,
	pages = {610-618},
	doi = {10.1088/0004-637X/697/1/610},
	adsurl = {http://adsabs.harvard.edu/abs/2009ApJ...697..610M},
	adsnote = {Provided by the SAO/NASA Astrophysics Data System}
}

@ARTICLE{WMAP9cosmo,
	author = {{Hinshaw}, G. and {Larson}, D. and {Komatsu}, E. and {Spergel}, D.~N. and
	{Bennett}, C.~L. and {Dunkley}, J. and {Nolta}, M.~R. and
	{Halpern}, M. and {Hill}, R.~S. and {Odegard}, N. and {Page}, L. and
	{Smith}, K.~M. and {Weiland}, J.~L. and {Gold}, B. and {Jarosik}, N. and
	{Kogut}, A. and {Limon}, M. and {Meyer}, S.~S. and {Tucker}, G.~S. and
	{Wollack}, E. and {Wright}, E.~L.},
	title = "{Nine-year Wilkinson Microwave Anisotropy Probe (WMAP) Observations: Cosmological Parameter Results}",
	journal = {The Astrophysical Journal Supplement Series},
	keywords = {cosmic background radiation, cosmology: observations, dark matter, early universe, instrumentation: detectors, space vehicles, space vehicles: instruments, telescopes, Astrophysics - Cosmology and Nongalactic Astrophysics},
	year = "2013",
	month = "Oct",
	volume = {208},
	eid = {19},
	pages = {19},
	doi = {10.1088/0067-0049/208/2/19},
	archivePrefix = {arXiv},
	eprint = {1212.5226},
	primaryClass = {astro-ph.CO},
	adsurl = {https://ui.adsabs.harvard.edu/\#abs/2013ApJS..208...19H},
	adsnote = {Provided by the SAO/NASA Astrophysics Data System}
}

@ARTICLE{Amara++06,
	author = {{Amara}, A. and {Metcalf}, R.~B. and {Cox}, T.~J. and {Ostriker}, J.~P.
	},
	title = "{Simulations of strong gravitational lensing with substructure}",
	journal = {\mnras},
	eprint = {astro-ph/0411587},
	keywords = {gravitational lensing, Galaxy: structure, dark matter},
	year = 2006,
	month = apr,
	volume = 367,
	pages = {1367-1378},
	doi = {10.1111/j.1365-2966.2006.10053.x},
	adsurl = {http://adsabs.harvard.edu/abs/2006MNRAS.367.1367A},
	adsnote = {Provided by the SAO/NASA Astrophysics Data System}
}

@ARTICLE{Tormen++98,
	author = {{Tormen}, G. and {Diaferio}, A. and {Syer}, D.},
	title = "{Survival of substructure within dark matter haloes}",
	journal = {\mnras},
	eprint = {astro-ph/9712222},
	keywords = {METHODS: NUMERICAL, GALAXIES: CLUSTERS: GENERAL, GALAXIES: HALOES, GALAXIES: INTERACTIONS, COSMOLOGY: THEORY, DARK MATTER},
	year = 1998,
	month = sep,
	volume = 299,
	pages = {728-742},
	doi = {10.1046/j.1365-8711.1998.01775.x},
	adsurl = {http://adsabs.harvard.edu/abs/1998MNRAS.299..728T},
	adsnote = {Provided by the SAO/NASA Astrophysics Data System}
}


@ARTICLE{CongdonKeeton05,
	author = {{Congdon}, A.~B. and {Keeton}, C.~R.},
	title = "{Multipole models of four-image gravitational lenses with anomalous flux ratios}",
	journal = {\mnras},
	eprint = {astro-ph/0510232},
	keywords = {gravitational lensing, galaxies: haloes, galaxies: structure, dark matter},
	year = 2005,
	month = dec,
	volume = 364,
	pages = {1459-1466},
	doi = {10.1111/j.1365-2966.2005.09699.x},
	adsurl = {http://adsabs.harvard.edu/abs/2005MNRAS.364.1459C},
	adsnote = {Provided by the SAO/NASA Astrophysics Data System}
}

@ARTICLE{Gavazzi++07,
	author = {{Gavazzi}, Rapha{\"e}l and {Treu}, Tommaso and {Rhodes}, Jason D. and
	{Koopmans}, L{\'e}on V.~E. and {Bolton}, Adam S. and {Burles},
	Scott and {Massey}, Richard J. and {Moustakas}, Leonidas A.},
	title = "{The Sloan Lens ACS Survey. IV. The Mass Density Profile of Early-Type Galaxies out to 100 Effective Radii}",
	journal = {\apj},
	keywords = {Cosmology: Dark Matter, Galaxies: Elliptical and Lenticular, cD, Galaxies: Structure, Cosmology: Gravitational Lensing, Astrophysics},
	year = 2007,
	month = Sep,
	volume = {667},
	pages = {176-190},
	doi = {10.1086/519237},
	archivePrefix = {arXiv},
	eprint = {astro-ph/0701589},
	primaryClass = {astro-ph},
	adsurl = {https://ui.adsabs.harvard.edu/\#abs/2007ApJ...667..176G},
	adsnote = {Provided by the SAO/NASA Astrophysics Data System}
}

@ARTICLE{Andrade++19,
	author = {{Andrade}, Kevin E. and {Minor}, Quinn and {Nierenberg}, Anna and
	{Kaplinghat}, Manoj},
	title = "{Detecting Dark Matter Cores in Galaxy Clusters with Strong Lensing}",
	journal = {arXiv e-prints},
	keywords = {Astrophysics - Astrophysics of Galaxies},
	year = 2019,
	month = Jan,
	eid = {arXiv:1901.00507},
	pages = {arXiv:1901.00507},
	archivePrefix = {arXiv},
	eprint = {1901.00507},
	primaryClass = {astro-ph.GA},
	adsurl = {https://ui.adsabs.harvard.edu/\#abs/2019arXiv190100507A},
	adsnote = {Provided by the SAO/NASA Astrophysics Data System}
}

@ARTICLE{AbazaijanKusenko19,
	author = {{Abazajian}, Kevork N. and {Kusenko}, Alexander},
	title = "{Hidden Treasures: sterile neutrinos as dark matter with miraculous abundance, structure formation for different production mechanisms, and a solution to the sigma-8 problem}",
	journal = {arXiv e-prints},
	keywords = {High Energy Physics - Phenomenology, Astrophysics - Cosmology and Nongalactic Astrophysics},
	year = "2019",
	month = "Jul",
	eid = {arXiv:1907.11696},
	pages = {arXiv:1907.11696},
	archivePrefix = {arXiv},
	eprint = {1907.11696},
	primaryClass = {hep-ph},
	adsurl = {https://ui.adsabs.harvard.edu/abs/2019arXiv190711696A},
	adsnote = {Provided by the SAO/NASA Astrophysics Data System}
}

@ARTICLE{Shajib++18,
	author = {{Shajib}, A.~J. and {Birrer}, S. and {Treu}, T. and {Auger}, M.~W. and
	{Agnello}, A. and {Anguita}, T. and {Buckley-Geer}, E.~J. and
	{Chan}, J.~H.~H. and {Collett}, T.~E. and {Courbin}, F. and
	{Fassnacht}, C.~D. and {Frieman}, J. and {Kayo}, I. and {Lemon}, C. and
	{Lin}, H. and {Marshall}, P.~J. and {McMahon}, R. and {More}, A. and
	{Morgan}, N.~D. and {Motta}, V. and {Oguri}, M. and {Ostrovski}, F. and
	{Rusu}, C.~E. and {Schechter}, P.~L. and {Shanks}, T. and
	{Suyu}, S.~H. and {Meylan}, G. and {Abbott}, T.~M.~C. and {Allam}, S. and
	{Annis}, J. and {Avila}, S. and {Bertin}, E. and {Brooks}, D. and
	{Carnero Rosell}, A. and {Carrasco Kind}, M. and {Carretero}, J. and
	{Cunha}, C.~E. and {da Costa}, L.~N. and {De Vicente}, J. and
	{Desai}, S. and {Doel}, P. and {Flaugher}, B. and {Fosalba}, P. and
	{Garc{\'\i}a-Bellido}, J. and {Gerdes}, D.~W. and {Gruen}, D. and
	{Gruendl}, R.~A. and {Gutierrez}, G. and {Hartley}, W.~G. and
	{Hollowood}, D.~L. and {Hoyle}, B. and {James}, D.~J. and {Kuehn}, K. and
	{Kuropatkin}, N. and {Lahav}, O. and {Lima}, M. and {Maia}, M.~A.~G. and
	{March}, M. and {Marshall}, J.~L. and {Melchior}, P. and
	{Menanteau}, F. and {Miquel}, R. and {Plazas}, A.~A. and {Sanchez}, E. and
	{Scarpine}, V. and {Sevilla-Noarbe}, I. and {Smith}, M. and
	{Soares-Santos}, M. and {Sobreira}, F. and {Suchyta}, E. and
	{Swanson}, M.~E.~C. and {Tarle}, G. and {Walker}, A.~R.},
	title = "{Is every strong lens model unhappy in its own way? Uniform modelling of a sample of 13 quadruply+ imaged quasars}",
	journal = {\mnras},
	keywords = {gravitational lensing: strong, methods: data analysis, galaxies: elliptical and lenticular, cD, galaxies: structure, Astrophysics - Astrophysics of Galaxies},
	year = "2019",
	month = "Mar",
	volume = {483},
	number = {4},
	pages = {5649-5671},
	doi = {10.1093/mnras/sty3397},
	archivePrefix = {arXiv},
	eprint = {1807.09278},
	primaryClass = {astro-ph.GA},
	adsurl = {https://ui.adsabs.harvard.edu/abs/2019MNRAS.483.5649S},
	adsnote = {Provided by the SAO/NASA Astrophysics Data System}
}

@ARTICLE{BirrerAmara18,
	author = {{Birrer}, S. and {Amara}, A.},
	title = "{lenstronomy: Multi-purpose gravitational lens modelling software package}",
	journal = {Physics of the Dark Universe},
	archivePrefix = "arXiv",
	eprint = {1803.09746},
	keywords = {Gravitational lensing, Software, Image simulations},
	year = 2018,
	month = dec,
	volume = 22,
	pages = {189-201},
	doi = {10.1016/j.dark.2018.11.002},
	adsurl = {http://adsabs.harvard.edu/abs/2018PDU....22..189B},
	adsnote = {Provided by the SAO/NASA Astrophysics Data System}
}

@ARTICLE{Despali++18b,
	author = {{Despali}, G. and {Sparre}, M. and {Vegetti}, S. and {Vogelsberger}, M. and 
	{Zavala}, J. and {Marinacci}, F.},
	title = "{The interplay of Self-Interacting Dark Matter and baryons in shaping the halo evolution}",
	journal = {arXiv e-prints},
	archivePrefix = "arXiv",
	eprint = {1811.02569},
	keywords = {Astrophysics - Astrophysics of Galaxies, Astrophysics - Cosmology and Nongalactic Astrophysics},
	year = 2018,
	month = nov,
	adsurl = {http://adsabs.harvard.edu/abs/2018arXiv181102569D},
	adsnote = {Provided by the SAO/NASA Astrophysics Data System}
}


@ARTICLE{Veale++17,
	author = {{Veale}, Melanie and {Ma}, Chung-Pei and {Greene}, Jenny E. and
	{Thomas}, Jens and {Blakeslee}, John P. and {McConnell},
	Nicholas and {Walsh}, Jonelle L. and {Ito}, Jennifer},
	title = "{The MASSIVE Survey - VII. The relationship of angular momentum, stellar mass and environment of early-type galaxies}",
	journal = {\mnras},
	keywords = {galaxies: elliptical and lenticular, cD, galaxies: evolution, galaxies: formation, galaxies: kinematics and dynamics, galaxies: structure, Astrophysics - Astrophysics of Galaxies, Astrophysics - Cosmology and Nongalactic Astrophysics},
	year = 2017,
	month = Oct,
	volume = {471},
	pages = {1428-1445},
	doi = {10.1093/mnras/stx1639},
	archivePrefix = {arXiv},
	eprint = {1703.08573},
	primaryClass = {astro-ph.GA},
	adsurl = {https://ui.adsabs.harvard.edu/\#abs/2017MNRAS.471.1428V},
	adsnote = {Provided by the SAO/NASA Astrophysics Data System}
}

@ARTICLE{Moore++99,
	author = {{Moore}, B. and {Ghigna}, S. and {Governato}, F. and {Lake}, G. and 
	{Quinn}, T. and {Stadel}, J. and {Tozzi}, P.},
	title = "{Dark Matter Substructure within Galactic Halos}",
	journal = {\apjl},
	eprint = {astro-ph/9907411},
	keywords = {COSMOLOGY: OBSERVATIONS, COSMOLOGY: THEORY, COSMOLOGY: DARK MATTER, GALAXIES: CLUSTERS: GENERAL, GALAXIES: FORMATION, Cosmology: Observations, Cosmology: Theory, Cosmology: Dark Matter, Galaxies: Clusters: General, Galaxies: Formation},
	year = 1999,
	month = oct,
	volume = 524,
	pages = {L19-L22},
	doi = {10.1086/312287},
	adsurl = {http://adsabs.harvard.edu/abs/1999ApJ...524L..19M},
	adsnote = {Provided by the SAO/NASA Astrophysics Data System}
}


@ARTICLE{Lovell++18,
	author = {{Lovell}, Mark R. and {Pillepich}, Annalisa and {Genel}, Shy and
	{Nelson}, Dylan and {Springel}, Volker and {Pakmor}, R{\"u}diger
	and {Marinacci}, Federico and {Weinberger}, Rainer and {Torrey},
	Paul and {Vogelsberger}, Mark and {Alabi}, Adebusola and
	{Hernquist}, Lars},
	title = "{The fraction of dark matter within galaxies from the IllustrisTNG simulations}",
	journal = {\mnras},
	keywords = {Galaxy: kinematics and dynamics, Galaxy: structure, (cosmology:) dark matter, Astrophysics - Astrophysics of Galaxies},
	year = 2018,
	month = Dec,
	volume = {481},
	pages = {1950-1975},
	doi = {10.1093/mnras/sty2339},
	archivePrefix = {arXiv},
	eprint = {1801.10170},
	primaryClass = {astro-ph.GA},
	adsurl = {https://ui.adsabs.harvard.edu/\#abs/2018MNRAS.481.1950L},
	adsnote = {Provided by the SAO/NASA Astrophysics Data System}
}

@ARTICLE{Wheeler++18,
	author = {{Wheeler}, C. and {Hopkins}, P.~F. and {Pace}, A.~B. and {Garrison-Kimmel}, S. and 
	{Boylan-Kolchin}, M. and {Wetzel}, A. and {Bullock}, J.~S. and 
	{Keres}, D. and {Faucher-Giguere}, C.-A. and {Quataert}, E.},
	title = "{Be it therefore resolved: Cosmological Simulations of Dwarf Galaxies with Extreme Resolution}",
	journal = {arXiv e-prints},
	archivePrefix = "arXiv",
	eprint = {1812.02749},
	keywords = {Astrophysics - Astrophysics of Galaxies},
	year = 2018,
	month = dec,
	adsurl = {http://adsabs.harvard.edu/abs/2018arXiv181202749W},
	adsnote = {Provided by the SAO/NASA Astrophysics Data System}
}

@ARTICLE{Bozek++18,
	author = {{Bozek}, B. and {Fitts}, A. and {Boylan-Kolchin}, M. and {Garrison-Kimmel}, S. and 
	{Abazajian}, K. and {Bullock}, J.~S. and {Kere{\v s}}, D. and 
	{Faucher-Gigu{\`e}re}, C.-A. and {Wetzel}, A. and {Feldmann}, R. and 
	{Hopkins}, P.~F.},
	title = "{Warm FIRE: Simulating Galaxy Formation with Resonant Sterile Neutrino Dark Matter}",
	journal = {\mnras},
	archivePrefix = "arXiv",
	eprint = {1803.05424},
	keywords = {galaxies:dwarf, cosmology: theory, galaxies: formation -galaxies: star formation, galaxies: evolution, dark matter},
	year = 2018,
	month = dec,
	doi = {10.1093/mnras/sty3300},
	adsurl = {http://adsabs.harvard.edu/abs/2018MNRAS.tmp.3176B},
	adsnote = {Provided by the SAO/NASA Astrophysics Data System}
}

@ARTICLE{Marin++11,
	author = {{Marin}, Jean-Michel and {Pudlo}, Pierre and {Robert}, Christian P. and
	{Ryder}, Robin},
	title = "{Approximate Bayesian Computational methods}",
	journal = {arXiv e-prints},
	keywords = {Statistics - Computation},
	year = "2011",
	month = "Jan",
	eid = {arXiv:1101.0955},
	pages = {arXiv:1101.0955},
	archivePrefix = {arXiv},
	eprint = {1101.0955},
	primaryClass = {stat.CO},
	adsurl = {https://ui.adsabs.harvard.edu/abs/2011arXiv1101.0955M},
	adsnote = {Provided by the SAO/NASA Astrophysics Data System}
}

@article{Lintusaari++17,
	author = {Lintusaari, Jarno and Gutmann, Michael U. and Dutta, Ritabrata and Kaski, Samuel and Corander, Jukka},
	title = {Fundamentals and Recent Developments in Approximate Bayesian Computation},
	journal = {Systematic Biology},
	volume = {66},
	number = {1},
	pages = {e66-e82},
	year = {2017},
	doi = {10.1093/sysbio/syw077},
	URL = { + http://dx.doi.org/10.1093/sysbio/syw077},
	eprint = {/oup/backfile/content_public/journal/sysbio/66/1/10.1093_sysbio_syw077/12/syw077.pdf}
}


@ARTICLE{Akeret++15,
	author = {{Akeret}, J. and {Refregier}, A. and {Amara}, A. and {Seehars}, S. and 
	{Hasner}, C.},
	title = "{Approximate Bayesian computation for forward modeling in cosmology}",
	journal = {\jcap},
	archivePrefix = "arXiv",
	eprint = {1504.07245},
	year = 2015,
	month = aug,
	volume = 8,
	eid = {043},
	pages = {043},
	doi = {10.1088/1475-7516/2015/08/043},
	adsurl = {http://adsabs.harvard.edu/abs/2015JCAP...08..043A},
	adsnote = {Provided by the SAO/NASA Astrophysics Data System}
}

@ARTICLE{Davies++18,
	author = {{Davies}, F.~B. and {Hennawi}, J.~F. and {Eilers}, A.-C. and 
	{Luki{\'c}}, Z.},
	title = "{A New Method to Measure the Post-reionization Ionizing Background from the Joint Distribution of Ly{$\alpha$} and Ly{$\beta$} Forest Transmission}",
	journal = {\apj},
	archivePrefix = "arXiv",
	eprint = {1703.10174},
	keywords = {diffuse radiation, intergalactic medium, methods: statistical},
	year = 2018,
	month = mar,
	volume = 855,
	eid = {106},
	pages = {106},
	doi = {10.3847/1538-4357/aaaf70},
	adsurl = {http://adsabs.harvard.edu/abs/2018ApJ...855..106D},
	adsnote = {Provided by the SAO/NASA Astrophysics Data System}
}


@ARTICLE{Hahn++17,
	author = {{Hahn}, C. and {Vakili}, M. and {Walsh}, K. and {Hearin}, A.~P. and 
	{Hogg}, D.~W. and {Campbell}, D.},
	title = "{Approximate Bayesian computation in large-scale structure: constraining the galaxy-halo connection}",
	journal = {\mnras},
	archivePrefix = "arXiv",
	eprint = {1607.01782},
	keywords = {methods: data analysis, methods: statistical, galaxies: haloes, dark matter, large-scale structure of Universe},
	year = 2017,
	month = aug,
	volume = 469,
	pages = {2791-2805},
	doi = {10.1093/mnras/stx894},
	adsurl = {http://adsabs.harvard.edu/abs/2017MNRAS.469.2791H},
	adsnote = {Provided by the SAO/NASA Astrophysics Data System}
}

@ARTICLE{Aprile++18,
	author = {{Aprile}, E. and {Aalbers}, J. and {Agostini}, F. and {Alfonsi}, M. and
	{Althueser}, L. and {Amaro}, F.~D. and {Anthony}, M. and
	{Arneodo}, F. and {Baudis}, L. and {Bauermeister}, B. and
	{Benabderrahmane}, M.~L. and {Berger}, T. and {Breur}, P.~A. and
	{Brown}, A. and {Brown}, A. and {Brown}, E. and {Bruenner}, S.
	and {Bruno}, G. and {Budnik}, R. and {Capelli}, C. and
	{Cardoso}, J.~M.~R. and {Cichon}, D. and {Coderre}, D. and
	{Colijn}, A.~P. and {Conrad}, J. and {Cussonneau}, J.~P. and
	{Decowski}, M.~P. and {de Perio}, P. and {di Gangi}, P. and {di
	Giovanni}, A. and {Diglio}, S. and {Elykov}, A. and {Eurin}, G.
	and {Fei}, J. and {Ferella}, A.~D. and {Fieguth}, A. and
	{Fulgione}, W. and {Gallo Rosso}, A. and {Galloway}, M. and
	{Gao}, F. and {Garbini}, M. and {Geis}, C. and {Grandi}, L. and
	{Greene}, Z. and {Qiu}, H. and {Hasterok}, C. and {Hogenbirk},
	E. and {Howlett}, J. and {Itay}, R. and {Joerg}, F. and
	{Kaminsky}, B. and {Kazama}, S. and {Kish}, A. and {Koltman}, G.
	and {Landsman}, H. and {Lang}, R.~F. and {Levinson}, L. and
	{Lin}, Q. and {Lindemann}, S. and {Lindner}, M. and {Lombardi},
	F. and {Lopes}, J.~A.~M. and {Mahlstedt}, J. and {Manfredini},
	A. and {Marrod{\'a}n Undagoitia}, T. and {Masbou}, J. and
	{Masson}, D. and {Messina}, M. and {Micheneau}, K. and {Miller},
	K. and {Molinario}, A. and {Mor{\^a}}, K. and {Murra}, M. and
	{Naganoma}, J. and {Ni}, K. and {Oberlack}, U. and {Pelssers},
	B. and {Piastra}, F. and {Pienaar}, J. and {Pizzella}, V. and
	{Plante}, G. and {Podviianiuk}, R. and {Priel}, N. and
	{Ram{\'\i}rez Garc{\'\i}a}, D. and {Rauch}, L. and {Reichard},
	S. and {Reuter}, C. and {Riedel}, B. and {Rizzo}, A. and
	{Rocchetti}, A. and {Rupp}, N. and {Dos Santos}, J.~M.~F. and
	{Sartorelli}, G. and {Scheibelhut}, M. and {Schindler}, S. and
	{Schreiner}, J. and {Schulte}, D. and {Schumann}, M. and {Scotto
	Lavina}, L. and {Selvi}, M. and {Shagin}, P. and {Shockley}, E.
	and {Silva}, M. and {Simgen}, H. and {Thers}, D. and {Toschi},
	F. and {Trinchero}, G. and {Tunnell}, C. and {Upole}, N. and
	{Vargas}, M. and {Wack}, O. and {Wang}, H. and {Wang}, Z. and
	{Wei}, Y. and {Weinheimer}, C. and {Wittweg}, C. and {Wulf}, J.
	and {Ye}, J. and {Zhang}, Y. and {Zhu}, T. and {Xenon
	Collaboration}},
	title = "{Dark Matter Search Results from a One Ton-Year Exposure of XENON1T}",
	journal = {\prl},
	keywords = {Astrophysics - Cosmology and Nongalactic Astrophysics, Astrophysics - Instrumentation and Methods for Astrophysics, High Energy Physics - Experiment, High Energy Physics - Phenomenology, Physics - Instrumentation and Detectors},
	year = 2018,
	month = Sep,
	volume = {121},
	eid = {111302},
	pages = {111302},
	doi = {10.1103/PhysRevLett.121.111302},
	archivePrefix = {arXiv},
	eprint = {1805.12562},
	primaryClass = {astro-ph.CO},
	adsurl = {https://ui.adsabs.harvard.edu/\#abs/2018PhRvL.121k1302A},
	adsnote = {Provided by the SAO/NASA Astrophysics Data System}
}

@ARTICLE{Robles++19,
	author = {{Robles}, V.~H. and {Bullock}, J.~S. and {Boylan-Kolchin}, M.
	},
	title = "{Scalar field dark matter: helping or hurting small-scale problems in cosmology?}",
	journal = {\mnras},
	archivePrefix = "arXiv",
	eprint = {1807.06018},
	keywords = {methods: numerical, galaxies: haloes, dark matter},
	year = 2019,
	month = feb,
	volume = 483,
	pages = {289-298},
	doi = {10.1093/mnras/sty3190},
	adsurl = {http://adsabs.harvard.edu/abs/2019MNRAS.483..289R},
	adsnote = {Provided by the SAO/NASA Astrophysics Data System}
}


@ARTICLE{Schnedier1997,
	author = {{Schneider}, Peter},
	title = "{The cosmological lens equation and the equivalent single-plane
	gravitational lens}",
	journal = {\mnras},
	keywords = {Gravitational Lenses, Dark Matter, Mass Distribution, Hubble Constant,
	Computational Astrophysics, Poisson Equation, Equivalence, Time
	Lag, Transformations (Mathematics), Cosmology, Astrophysics,
	GRAVITATION, DARK MATTER, GRAVITATIONAL LENSING, LARGE-SCALE
	STRUCTURE OF UNIVERSE, Astrophysics},
	year = 1997,
	month = Dec,
	volume = {292},
	pages = {673-678},
	doi = {10.1093/mnras/292.3.673},
	archivePrefix = {arXiv},
	eprint = {astro-ph/9706185},
	primaryClass = {astro-ph},
	adsurl = {https://ui.adsabs.harvard.edu/\#abs/1997MNRAS.292..673S},
	adsnote = {Provided by the SAO/NASA Astrophysics Data System}
}

@ARTICLE{Despali++16,
	author = {{Despali}, G. and {Giocoli}, C. and {Angulo}, R.~E. and {Tormen}, G. and 
	{Sheth}, R.~K. and {Baso}, G. and {Moscardini}, L.},
	title = "{The universality of the virial halo mass function and models for non-universality of other halo definitions}",
	journal = {\mnras},
	archivePrefix = "arXiv",
	eprint = {1507.05627},
	keywords = {methods: numerical, galaxies: haloes, cosmology: theory, dark matter},
	year = 2016,
	month = mar,
	volume = 456,
	pages = {2486-2504},
	doi = {10.1093/mnras/stv2842},
	adsurl = {http://adsabs.harvard.edu/abs/2016MNRAS.456.2486D},
	adsnote = {Provided by the SAO/NASA Astrophysics Data System}
}


@ARTICLE{Hui++17,
	author = {{Hui}, L. and {Ostriker}, J.~P. and {Tremaine}, S. and {Witten}, E.
	},
	title = "{Ultralight scalars as cosmological dark matter}",
	journal = {\prd},
	archivePrefix = "arXiv",
	eprint = {1610.08297},
	year = 2017,
	month = feb,
	volume = 95,
	number = 4,
	eid = {043541},
	pages = {043541},
	doi = {10.1103/PhysRevD.95.043541},
	adsurl = {http://adsabs.harvard.edu/abs/2017PhRvD..95d3541H},
	adsnote = {Provided by the SAO/NASA Astrophysics Data System}
}


@ARTICLE{Richings++18,
	author = {{Richings}, J. and {Frenk}, C. and {Jenkins}, A. and {Robertson}, A.
	},
	title = "{Subhalo destruction in the Apostle and Auriga simulations}",
	journal = {arXiv e-prints},
	archivePrefix = "arXiv",
	eprint = {1811.12437},
	keywords = {Astrophysics - Astrophysics of Galaxies},
	year = 2018,
	month = nov,
	adsurl = {http://adsabs.harvard.edu/abs/2018arXiv181112437R},
	adsnote = {Provided by the SAO/NASA Astrophysics Data System}
}


@ARTICLE{Planck18,
	author = {{Planck Collaboration} and {Aghanim}, N. and {Akrami}, Y. and {Ashdown},
	M. and {Aumont}, J. and {Baccigalupi}, C. and {Ballardini}, M.
	and {Banday}, A.~J. and {Barreiro}, R.~B. and {Bartolo}, N. and
	{Basak}, S. and {Battye}, R. and {Benabed}, K. and {Bernard}, J.
	-P. and {Bersanelli}, M. and {Bielewicz}, P. and {Bock}, J.~J.
	and {Bond}, J.~R. and {Borrill}, J. and {Bouchet}, F.~R. and
	{Boulanger}, F. and {Bucher}, M. and {Burigana}, C. and
	{Butler}, R.~C. and {Calabrese}, E. and {Cardoso}, J. -F. and
	{Carron}, J. and {Challinor}, A. and {Chiang}, H.~C. and
	{Chluba}, J. and {Colombo}, L.~P.~L. and {Combet}, C. and
	{Contreras}, D. and {Crill}, B.~P. and {Cuttaia}, F. and {de
	Bernardis}, P. and {de Zotti}, G. and {Delabrouille}, J. and
	{Delouis}, J. -M. and {Di Valentino}, E. and {Diego}, J.~M. and
	{Dor{\'e}}, O. and {Douspis}, M. and {Ducout}, A. and {Dupac},
	X. and {Dusini}, S. and {Efstathiou}, G. and {Elsner}, F. and
	{En{\ss}lin}, T.~A. and {Eriksen}, H.~K. and {Fantaye}, Y. and
	{Farhang}, M. and {Fergusson}, J. and {Fernandez-Cobos}, R. and
	{Finelli}, F. and {Forastieri}, F. and {Frailis}, M. and
	{Franceschi}, E. and {Frolov}, A. and {Galeotta}, S. and
	{Galli}, S. and {Ganga}, K. and {G{\'e}nova-Santos}, R.~T. and
	{Gerbino}, M. and {Ghosh}, T. and {Gonz{\'a}lez-Nuevo}, J. and
	{G{\'o}rski}, K.~M. and {Gratton}, S. and {Gruppuso}, A. and
	{Gudmundsson}, J.~E. and {Hamann}, J. and {Handley}, W. and
	{Herranz}, D. and {Hivon}, E. and {Huang}, Z. and {Jaffe}, A.~H.
	and {Jones}, W.~C. and {Karakci}, A. and {Keih{\"a}nen}, E. and
	{Keskitalo}, R. and {Kiiveri}, K. and {Kim}, J. and {Kisner},
	T.~S. and {Knox}, L. and {Krachmalnicoff}, N. and {Kunz}, M. and
	{Kurki-Suonio}, H. and {Lagache}, G. and {Lamarre}, J. -M. and
	{Lasenby}, A. and {Lattanzi}, M. and {Lawrence}, C.~R. and {Le
	Jeune}, M. and {Lemos}, P. and {Lesgourgues}, J. and {Levrier},
	F. and {Lewis}, A. and {Liguori}, M. and {Lilje}, P.~B. and
	{Lilley}, M. and {Lindholm}, V. and {L{\'o}pez-Caniego}, M. and
	{Lubin}, P.~M. and {Ma}, Y. -Z. and {Mac{\'\i}as-P{\'e}rez},
	J.~F. and {Maggio}, G. and {Maino}, D. and {Mandolesi}, N. and
	{Mangilli}, A. and {Marcos-Caballero}, A. and {Maris}, M. and
	{Martin}, P.~G. and {Martinelli}, M. and {Mart{\'\i}nez-
	Gonz{\'a}lez}, E. and {Matarrese}, S. and {Mauri}, N. and
	{McEwen}, J.~D. and {Meinhold}, P.~R. and {Melchiorri}, A. and
	{Mennella}, A. and {Migliaccio}, M. and {Millea}, M. and
	{Mitra}, S. and {Miville-Desch{\^e}nes}, M. -A. and {Molinari},
	D. and {Montier}, L. and {Morgante}, G. and {Moss}, A. and
	{Natoli}, P. and {N{\o}rgaard-Nielsen}, H.~U. and {Pagano}, L.
	and {Paoletti}, D. and {Partridge}, B. and {Patanchon}, G. and
	{Peiris}, H.~V. and {Perrotta}, F. and {Pettorino}, V. and
	{Piacentini}, F. and {Polastri}, L. and {Polenta}, G. and
	{Puget}, J. -L. and {Rachen}, J.~P. and {Reinecke}, M. and
	{Remazeilles}, M. and {Renzi}, A. and {Rocha}, G. and {Rosset},
	C. and {Roudier}, G. and {Rubi{\~n}o-Mart{\'\i}n}, J.~A. and
	{Ruiz-Granados}, B. and {Salvati}, L. and {Sandri}, M. and
	{Savelainen}, M. and {Scott}, D. and {Shellard}, E.~P.~S. and
	{Sirignano}, C. and {Sirri}, G. and {Spencer}, L.~D. and
	{Sunyaev}, R. and {Suur-Uski}, A. -S. and {Tauber}, J.~A. and
	{Tavagnacco}, D. and {Tenti}, M. and {Toffolatti}, L. and
	{Tomasi}, M. and {Trombetti}, T. and {Valenziano}, L. and
	{Valiviita}, J. and {Van Tent}, B. and {Vibert}, L. and
	{Vielva}, P. and {Villa}, F. and {Vittorio}, N. and {Wandelt},
	B.~D. and {Wehus}, I.~K. and {White}, M. and {White}, S.~D.~M.
	and {Zacchei}, A. and {Zonca}, A.},
	title = "{Planck 2018 results. VI. Cosmological parameters}",
	journal = {ArXiv e-prints},
	keywords = {Astrophysics - Cosmology and Nongalactic Astrophysics},
	year = 2018,
	month = Jul,
	eid = {arXiv:1807.06209},
	pages = {arXiv:1807.06209},
	archivePrefix = {arXiv},
	eprint = {1807.06209},
	primaryClass = {astro-ph.CO},
	adsurl = {https://ui.adsabs.harvard.edu/#abs/2018arXiv180706209P},
	adsnote = {Provided by the SAO/NASA Astrophysics Data System}
}

@ARTICLE{Brennan++18,
	author = {{Brennan}, Sean and {Benson}, Andrew J. and {Cyr-Racine}, Francis-Yan and
	{Keeton}, Charles R. and {Moustakas}, Leonidas A. and
	{Pullen}, Anthony R.},
	title = "{Quantifying the power spectrum of small-scale structure in semi-analytic galaxies}",
	journal = {arXiv e-prints},
	keywords = {Astrophysics - Astrophysics of Galaxies, Astrophysics - Cosmology and Nongalactic Astrophysics},
	year = "2018",
	month = "Aug",
	eid = {arXiv:1808.03501},
	pages = {arXiv:1808.03501},
	archivePrefix = {arXiv},
	eprint = {1808.03501},
	primaryClass = {astro-ph.GA},
	adsurl = {https://ui.adsabs.harvard.edu/abs/2018arXiv180803501B},
	adsnote = {Provided by the SAO/NASA Astrophysics Data System}
}

@ARTICLE{DiazRivero++18,
	author = {{D{\'\i}az Rivero}, Ana and {Dvorkin}, Cora and
	{Cyr-Racine}, Francis-Yan and {Zavala}, Jes{\'u}s and
	{Vogelsberger}, Mark},
	title = "{Gravitational lensing and the power spectrum of dark matter substructure: Insights from the ETHOS N -body simulations}",
	journal = {\prd},
	keywords = {Astrophysics - Cosmology and Nongalactic Astrophysics, High Energy Physics - Phenomenology},
	year = "2018",
	month = "Nov",
	volume = {98},
	number = {10},
	eid = {103517},
	pages = {103517},
	doi = {10.1103/PhysRevD.98.103517},
	archivePrefix = {arXiv},
	eprint = {1809.00004},
	primaryClass = {astro-ph.CO},
	adsurl = {https://ui.adsabs.harvard.edu/abs/2018PhRvD..98j3517D},
	adsnote = {Provided by the SAO/NASA Astrophysics Data System}
}

@ARTICLE{Bayer++18,
	author = {{Bayer}, D. and {Chatterjee}, S. and {Koopmans}, L.~V.~E. and
	{Vegetti}, S. and {McKean}, J.~P. and {Treu}, T. and {Fassnacht}, C.~D.},
	title = "{Observational constraints on the sub-galactic matter-power spectrum from galaxy-galaxy strong gravitational lensing}",
	journal = {arXiv e-prints},
	keywords = {Astrophysics - Astrophysics of Galaxies, Astrophysics - Cosmology and Nongalactic Astrophysics},
	year = "2018",
	month = "Mar",
	eid = {arXiv:1803.05952},
	pages = {arXiv:1803.05952},
	archivePrefix = {arXiv},
	eprint = {1803.05952},
	primaryClass = {astro-ph.GA},
	adsurl = {https://ui.adsabs.harvard.edu/abs/2018arXiv180305952B},
	adsnote = {Provided by the SAO/NASA Astrophysics Data System}
}

@ARTICLE{Cyr-Racine++18,
	author = {{Cyr-Racine}, Francis-Yan and {Keeton}, Charles R. and
	{Moustakas}, Leonidas A.},
	title = "{Beyond subhalos: Probing the collective effect of the Universe's small-scale structure with gravitational lensing}",
	journal = {\prd},
	keywords = {Astrophysics - Cosmology and Nongalactic Astrophysics, High Energy Physics - Phenomenology},
	year = "2019",
	month = "Jul",
	volume = {100},
	number = {2},
	eid = {023013},
	pages = {023013},
	doi = {10.1103/PhysRevD.100.023013},
	archivePrefix = {arXiv},
	eprint = {1806.07897},
	primaryClass = {astro-ph.CO},
	adsurl = {https://ui.adsabs.harvard.edu/abs/2019PhRvD.100b3013C},
	adsnote = {Provided by the SAO/NASA Astrophysics Data System}
}

@ARTICLE{Hewitt++92,
	author = {{Hewitt}, J.~N. and {Turner}, E.~L. and {Lawrence}, C.~R. and
	{Schneider}, D.~P. and {Brody}, J.~P.},
	title = "{A Gravitational Lens Candidate With an Unusually Red Optical Counterpart}",
	journal = {\aj},
	keywords = {Active Galactic Nuclei, Gravitational Lenses, M Stars, Radiant Flux Density, Radio Sources (Astronomy), Stellar Color, Mass To Light Ratios, Optical Properties, Radio Astronomy, Red Shift, Astrophysics, GRAVITATIONAL LENSING},
	year = "1992",
	month = "Sep",
	volume = {104},
	pages = {968},
	doi = {10.1086/116290},
	adsurl = {https://ui.adsabs.harvard.edu/abs/1992AJ....104..968H},
	adsnote = {Provided by the SAO/NASA Astrophysics Data System}
}

@ARTICLE{Weymann++80,
	author = {{Weymann}, Ray J. and {Latham}, David and {Angel}, J. Roger P. and
	{Green}, Richard F. and {Liebert}, James W. and {Turnshek}, David A. and
	{Turnshek}, Diane E. and {Tyson}, J. Anthony},
	title = "{The triple QSO PG1115 + 08: another probable gravitational lens}",
	journal = {\nat},
	keywords = {Astronomical Spectroscopy, Gravitational Lenses, Quasars, Emission Spectra, Image Tubes, Spectral Line Width, Astrophysics},
	year = "1980",
	month = "Jun",
	volume = {285},
	number = {5767},
	pages = {641-643},
	doi = {10.1038/285641a0},
	adsurl = {https://ui.adsabs.harvard.edu/abs/1980Natur.285..641W},
	adsnote = {Provided by the SAO/NASA Astrophysics Data System}
}

@ARTICLE{Witsotzki++02,
	author = {{Wisotzki}, L. and {Schechter}, P.~L. and {Bradt}, H.~V. and
	{Heinm{\"u}ller}, J. and {Reimers}, D.},
	title = "{HE 0435-1223: A wide separation quadruple QSO and gravitational lens}",
	journal = {\aap},
	keywords = {quasars: individual: HE 0435-1223, quasars: general, gravitational lensing, Astrophysics},
	year = "2002",
	month = "Nov",
	volume = {395},
	pages = {17-23},
	doi = {10.1051/0004-6361:20021213},
	archivePrefix = {arXiv},
	eprint = {astro-ph/0207062},
	primaryClass = {astro-ph},
	adsurl = {https://ui.adsabs.harvard.edu/abs/2002A&A...395...17W},
	adsnote = {Provided by the SAO/NASA Astrophysics Data System}
}



@ARTICLE{Patnaik++92,
	author = {{Patnaik}, A.~R. and {Browne}, I.~W.~A. and {Walsh}, D. and
	{Chaffee}, F.~H. and {Foltz}, C.~B.},
	title = "{B 1422+231 : a new gravitationally lensed system at Z = 3.62.}",
	journal = {\mnras},
	keywords = {Gravitational Lenses, Quasars, Radio Astronomy, Astronomical Spectroscopy, Luminosity, Radio Spectra, Red Shift, Very Large Array (Vla), Visible Spectrum, Astrophysics},
	year = "1992",
	month = "Nov",
	volume = {259},
	pages = {1P-4},
	doi = {10.1093/mnras/259.1.1P},
	adsurl = {https://ui.adsabs.harvard.edu/abs/1992MNRAS.259P...1P},
	adsnote = {Provided by the SAO/NASA Astrophysics Data System}
}



@ARTICLE{Zehavi++11,
	author = {{Zehavi}, I. and {Zheng}, Z. and {Weinberg}, D.~H. and {Blanton}, M.~R. and 
	{Bahcall}, N.~A. and {Berlind}, A.~A. and {Brinkmann}, J. and 
	{Frieman}, J.~A. and {Gunn}, J.~E. and {Lupton}, R.~H. and {Nichol}, R.~C. and 
	{Percival}, W.~J. and {Schneider}, D.~P. and {Skibba}, R.~A. and 
	{Strauss}, M.~A. and {Tegmark}, M. and {York}, D.~G.},
	title = "{Galaxy Clustering in the Completed SDSS Redshift Survey: The Dependence on Color and Luminosity}",
	journal = {\apj},
	archivePrefix = "arXiv",
	eprint = {1005.2413},
	keywords = {cosmology: observations, cosmology: theory, galaxies: distances and redshifts, galaxies: halos, galaxies: statistics, large-scale structure of universe},
	year = 2011,
	month = jul,
	volume = 736,
	eid = {59},
	pages = {59},
	doi = {10.1088/0004-637X/736/1/59},
	adsurl = {http://adsabs.harvard.edu/abs/2011ApJ...736...59Z},
	adsnote = {Provided by the SAO/NASA Astrophysics Data System}
}

@ARTICLE{MullerSanchez++11,
	author = {{M{\"u}ller-S{\'a}nchez}, F. and {Prieto}, M.~A. and {Hicks}, E.~K.~S. and 
	{Vives-Arias}, H. and {Davies}, R.~I. and {Malkan}, M. and {Tacconi}, L.~J. and 
	{Genzel}, R.},
	title = "{Outflows from Active Galactic Nuclei: Kinematics of the Narrow-line and Coronal-line Regions in Seyfert Galaxies}",
	journal = {\apj},
	archivePrefix = "arXiv",
	eprint = {1107.3140},
	keywords = {galaxies: active, galaxies: kinematics and dynamics, galaxies: nuclei, galaxies: Seyfert, infrared: galaxies, line: profiles},
	year = 2011,
	month = oct,
	volume = 739,
	eid = {69},
	pages = {69},
	doi = {10.1088/0004-637X/739/2/69},
	adsurl = {http://adsabs.harvard.edu/abs/2011ApJ...739...69M},
	adsnote = {Provided by the SAO/NASA Astrophysics Data System}
}

@ARTICLE{Springel++08,
	author = {{Springel}, V. and {Wang}, J. and {Vogelsberger}, M. and {Ludlow}, A. and 
	{Jenkins}, A. and {Helmi}, A. and {Navarro}, J.~F. and {Frenk}, C.~S. and 
	{White}, S.~D.~M.},
	title = "{The Aquarius Project: the subhaloes of galactic haloes}",
	journal = {\mnras},
	archivePrefix = "arXiv",
	eprint = {0809.0898},
	keywords = {methods: numerical , dark matter},
	year = 2008,
	month = dec,
	volume = 391,
	pages = {1685-1711},
	doi = {10.1111/j.1365-2966.2008.14066.x},
	adsurl = {http://adsabs.harvard.edu/abs/2008MNRAS.391.1685S},
	adsnote = {Provided by the SAO/NASA Astrophysics Data System}
}

@ARTICLE{Gao++11,
	author = {{Gao}, L. and {Frenk}, C.~S. and {Boylan-Kolchin}, M. and {Jenkins}, A. and 
	{Springel}, V. and {White}, S.~D.~M.},
	title = "{The statistics of the subhalo abundance of dark matter haloes}",
	journal = {\mnras},
	archivePrefix = "arXiv",
	eprint = {1006.2882},
	primaryClass = "astro-ph.CO",
	keywords = {methods: numerical, galaxies: haloes, dark matter},
	year = 2011,
	month = feb,
	volume = 410,
	pages = {2309-2314},
	doi = {10.1111/j.1365-2966.2010.17601.x},
	adsurl = {http://adsabs.harvard.edu/abs/2011MNRAS.410.2309G},
	adsnote = {Provided by the SAO/NASA Astrophysics Data System}
}

@ARTICLE{Graus++18,
	author = {{Graus}, A.~S. and {Bullock}, J.~S. and {Boylan-Kolchin}, M. and 
	{Nierenberg}, A.~M.},
	title = "{Through a Smoother Lens: An expected absence of LCDM substructure detections from hydrodynamic and dark matter only simulations}",
	journal = {\mnras},
	archivePrefix = "arXiv",
	eprint = {1710.11148},
	keywords = {cosmology: theory, galaxies: dwarf, galaxies: high-redshift},
	year = 2018,
	month = oct,
	volume = 480,
	pages = {1322-1332},
	doi = {10.1093/mnras/sty1924},
	adsurl = {http://adsabs.harvard.edu/abs/2018MNRAS.480.1322G},
	adsnote = {Provided by the SAO/NASA Astrophysics Data System}
}

@ARTICLE{Han++16,
	author = {{Han}, J. and {Cole}, S. and {Frenk}, C.~S. and {Jing}, Y.},
	title = "{A unified model for the spatial and mass distribution of subhaloes}",
	journal = {\mnras},
	archivePrefix = "arXiv",
	eprint = {1509.02175},
	keywords = {galaxies: haloes, dark matter},
	year = 2016,
	month = apr,
	volume = 457,
	pages = {1208-1223},
	doi = {10.1093/mnras/stv2900},
	adsurl = {http://adsabs.harvard.edu/abs/2016MNRAS.457.1208H},
	adsnote = {Provided by the SAO/NASA Astrophysics Data System}
}

@ARTICLE{Dutton++14,
	author = {{Dutton}, A.~A. and {Macci{\`o}}, A.~V.},
	title = "{Cold dark matter haloes in the Planck era: evolution of structural parameters for Einasto and NFW profiles}",
	journal = {\mnras},
	archivePrefix = "arXiv",
	eprint = {1402.7073},
	keywords = {methods: numerical, galaxies: haloes, cosmology: theory, dark matter},
	year = 2014,
	month = jul,
	volume = 441,
	pages = {3359-3374},
	doi = {10.1093/mnras/stu742},
	adsurl = {http://adsabs.harvard.edu/abs/2014MNRAS.441.3359D},
	adsnote = {Provided by the SAO/NASA Astrophysics Data System}
}

@ARTICLE{Hsueh++16,
	author = {{Hsueh}, J.-W. and {Fassnacht}, C.~D. and {Vegetti}, S. and 
	{McKean}, J.~P. and {Spingola}, C. and {Auger}, M.~W. and {Koopmans}, L.~V.~E. and 
	{Lagattuta}, D.~J.},
	title = "{SHARP - II. Mass structure in strong lenses is not necessarily dark matter substructure: a flux ratio anomaly from an edge-on disc in B1555+375}",
	journal = {\mnras},
	archivePrefix = "arXiv",
	eprint = {1601.01671},
	keywords = {quasars: individual: CLASS B1555+375, galaxies: structure},
	year = 2016,
	month = nov,
	volume = 463,
	pages = {L51-L55},
	doi = {10.1093/mnrasl/slw146},
	adsurl = {http://adsabs.harvard.edu/abs/2016MNRAS.463L..51H},
	adsnote = {Provided by the SAO/NASA Astrophysics Data System}
}

@ARTICLE{Shankar++17,
	author = {{Shankar}, F. and {Sonnenfeld}, A. and {Mamon}, G.~A. and {Chae}, K.-H. and 
	{Gavazzi}, R. and {Treu}, T. and {Diemer}, B. and {Nipoti}, C. and 
	{Buchan}, S. and {Bernardi}, M. and {Sheth}, R. and {Huertas-Company}, M.
	},
	title = "{Revisiting the Bulge-Halo Conspiracy. I. Dependence on Galaxy Properties and Halo Mass}",
	journal = {\apj},
	archivePrefix = "arXiv",
	eprint = {1703.06145},
	keywords = {cosmology: theory, galaxies: evolution, galaxies: statistics},
	year = 2017,
	month = may,
	volume = 840,
	eid = {34},
	pages = {34},
	doi = {10.3847/1538-4357/aa66ce},
	adsurl = {http://adsabs.harvard.edu/abs/2017ApJ...840...34S},
	adsnote = {Provided by the SAO/NASA Astrophysics Data System}
}

@ARTICLE{Peterson++13,
	author = {{Peterson}, B.~M. and {Denney}, K.~D. and {De Rosa}, G. and
	{Grier}, C.~J. and {Pogge}, R.~W. and {Bentz}, M.~C. and
	{Kochanek}, C.~S. and {Vestergaard}, M. and {Kilerci-Eser}, E. and
	{Dalla Bont{\`a}}, E. and {Ciroi}, S.},
	title = "{The Size of the Narrow-line-emitting Region in the Seyfert 1 Galaxy NGC 5548 from Emission-line Variability}",
	journal = {\apj},
	keywords = {galaxies: active, galaxies: individual: NGC 5548, galaxies: nuclei, galaxies: Seyfert, quasars: emission lines, Astrophysics - Cosmology and Nongalactic Astrophysics},
	year = "2013",
	month = "Dec",
	volume = {779},
	number = {2},
	eid = {109},
	pages = {109},
	doi = {10.1088/0004-637X/779/2/109},
	archivePrefix = {arXiv},
	eprint = {1309.1468},
	primaryClass = {astro-ph.CO},
	adsurl = {https://ui.adsabs.harvard.edu/abs/2013ApJ...779..109P},
	adsnote = {Provided by the SAO/NASA Astrophysics Data System}
}

@ARTICLE{Auger++10,
	author = {{Auger}, M.~W. and {Treu}, T. and {Bolton}, A.~S. and {Gavazzi}, R. and 
	{Koopmans}, L.~V.~E. and {Marshall}, P.~J. and {Moustakas}, L.~A. and 
	{Burles}, S.},
	title = "{The Sloan Lens ACS Survey. X. Stellar, Dynamical, and Total Mass Correlations of Massive Early-type Galaxies}",
	journal = {\apj},
	archivePrefix = "arXiv",
	eprint = {1007.2880},
	keywords = {dark matter, galaxies: elliptical and lenticular, cD, galaxies: fundamental parameters, galaxies: structure, gravitational lensing: strong},
	year = 2010,
	month = nov,
	volume = 724,
	pages = {511-525},
	doi = {10.1088/0004-637X/724/1/511},
	adsurl = {http://adsabs.harvard.edu/abs/2010ApJ...724..511A},
	adsnote = {Provided by the SAO/NASA Astrophysics Data System}
}

@ARTICLE{OguriMarshall10,
	author = {{Oguri}, M. and {Marshall}, P.~J.},
	title = "{Gravitationally lensed quasars and supernovae in future wide-field optical imaging surveys}",
	journal = {\mnras},
	archivePrefix = "arXiv",
	eprint = {1001.2037},
	keywords = {gravitational lensing: strong, cosmological parameters, cosmology: theory},
	year = 2010,
	month = jul,
	volume = 405,
	pages = {2579-2593},
	doi = {10.1111/j.1365-2966.2010.16639.x},
	adsurl = {http://adsabs.harvard.edu/abs/2010MNRAS.405.2579O},
	adsnote = {Provided by the SAO/NASA Astrophysics Data System}
}

@BOOK{Schneider++92,
	author = {{Schneider}, P. and {Ehlers}, J. and {Falco}, E.~E.},
	title = "{Gravitational Lenses}",
	keywords = {EXTRAGALACTIC COSMOLOGY, EXTRAGALAKTISCHE KOSMOLOGIE, GEOMETRICAL OPTICS, GEOMETRISCHE OPTIK, GRAVITATION, GRAVITATION, GRAVITATIONAL LENSING, GRAVITATIONSLINSEN, QUASARE, QUASARS, REDSHIFT, ROTVERSCHIEBUNG, GRAVITATIONAL LENSES},
	booktitle = {Gravitational Lenses, XIV, 560 pp.~112 figs..~Springer-Verlag Berlin Heidelberg New York.~ Also Astronomy and Astrophysics Library},
	year = 1992,
	pages = {112},
	doi = {10.1007/978-3-662-03758-4},
	adsurl = {http://adsabs.harvard.edu/abs/1992grle.book.....S},
	adsnote = {Provided by the SAO/NASA Astrophysics Data System}
}

@ARTICLE{Schnieder++14,
	author = {{Schneider}, P.},
	title = "{Generalized multi-plane gravitational lensing: time delays, recursive lens equation, and the mass-sheet transformation}",
	journal = {ArXiv e-prints},
	archivePrefix = "arXiv",
	eprint = {1409.0015},
	keywords = {Astrophysics - Cosmology and Nongalactic Astrophysics, Astrophysics - Astrophysics of Galaxies},
	year = 2014,
	month = aug,
	adsurl = {http://adsabs.harvard.edu/abs/2014arXiv1409.0015S},
	adsnote = {Provided by the SAO/NASA Astrophysics Data System}
}

@ARTICLE{Agnello++18,
	author = {{Agnello}, A. and {Lin}, H. and {Kuropatkin}, N. and {Buckley-Geer}, E. and
	{Anguita}, T. and {Schechter}, P.~L. and {Morishita}, T. and
	{Motta}, V. and {Rojas}, K. and {Treu}, T. and {Amara}, A. and
	{Auger}, M.~W. and {Courbin}, F. and {Fassnacht}, C.~D. and
	{Frieman}, J. and {More}, A. and {Marshall}, P.~J. and
	{McMahon}, R.~G. and {Meylan}, G. and {Suyu}, S.~H. and
	{Glazebrook}, K. and {Morgan}, N. and {Nord}, B. and
	{Abbott}, T.~M.~C. and {Abdalla}, F.~B. and {Annis}, J. and
	{Bechtol}, K. and {Benoit-L{\'e}vy}, A. and {Bertin}, E. and
	{Bernstein}, R.~A. and {Brooks}, D. and {Burke}, D.~L. and
	{Rosell}, A. Carnero and {Carretero}, J. and {Cunha}, C.~E. and
	{D'Andrea}, C.~B. and {da Costa}, L.~N. and {Desai}, S. and
	{Drlica-Wagner}, A. and {Eifler}, T.~F. and {Flaugher}, B. and
	{Garc{\'\i}a-Bellido}, J. and {Gaztanaga}, E. and {Gerdes}, D.~W. and
	{Gruen}, D. and {Gruendl}, R.~A. and {Gschwend}, J. and
	{Gutierrez}, G. and {Honscheid}, K. and {James}, D.~J. and {Kuehn}, K. and
	{Lahav}, O. and {Lima}, M. and {Maia}, M.~A.~G. and {March}, M. and
	{Menanteau}, F. and {Miquel}, R. and {Ogando}, R.~L.~C. and
	{Plazas}, A.~A. and {Sanchez}, E. and {Scarpine}, V. and
	{Schindler}, R. and {Schubnell}, M. and {Sevilla-Noarbe}, I. and
	{Smith}, M. and {Soares-Santos}, M. and {Sobreira}, F. and
	{Suchyta}, E. and {Swanson}, M.~E.~C. and {Tarle}, G. and {Tucker}, D. and
	{Wechsler}, R.},
	title = "{DES meets Gaia: discovery of strongly lensed quasars from a multiplet search}",
	journal = {\mnras},
	keywords = {gravitational lensing: strong, methods: statistical, techniques: image processing, surveys, Astrophysics - Cosmology and Nongalactic Astrophysics, Astrophysics - Astrophysics of Galaxies},
	year = "2018",
	month = "Oct",
	volume = {479},
	number = {4},
	pages = {4345-4354},
	doi = {10.1093/mnras/sty1419},
	archivePrefix = {arXiv},
	eprint = {1711.03971},
	primaryClass = {astro-ph.CO},
	adsurl = {https://ui.adsabs.harvard.edu/abs/2018MNRAS.479.4345A},
	adsnote = {Provided by the SAO/NASA Astrophysics Data System}
}

@ARTICLE{Morgan++04,
	author = {{Morgan}, Nicholas D. and {Caldwell}, John A.~R. and
	{Schechter}, Paul L. and {Dressler}, Alan and {Egami}, Eiichi and
	{Rix}, Hans-Walter},
	title = "{WFI J2026-4536 and WFI J2033-4723: Two New Quadruple Gravitational Lenses}",
	journal = {\aj},
	keywords = {Cosmology: Gravitational Lensing, Astrophysics},
	year = "2004",
	month = "May",
	volume = {127},
	number = {5},
	pages = {2617-2630},
	doi = {10.1086/383295},
	archivePrefix = {arXiv},
	eprint = {astro-ph/0312478},
	primaryClass = {astro-ph},
	adsurl = {https://ui.adsabs.harvard.edu/abs/2004AJ....127.2617M},
	adsnote = {Provided by the SAO/NASA Astrophysics Data System}
}



@ARTICLE{Lemon++18,
	author = {{Lemon}, Cameron A. and {Auger}, Matthew W. and {McMahon}, Richard G. and
	{Ostrovski}, Fernanda},
	title = "{Gravitationally lensed quasars in Gaia - II. Discovery of 24 lensed quasars}",
	journal = {\mnras},
	keywords = {gravitational lensing: strong, methods: observational, quasars: general, Astrophysics - Astrophysics of Galaxies},
	year = "2018",
	month = "Oct",
	volume = {479},
	number = {4},
	pages = {5060-5074},
	doi = {10.1093/mnras/sty911},
	archivePrefix = {arXiv},
	eprint = {1803.07601},
	primaryClass = {astro-ph.GA},
	adsurl = {https://ui.adsabs.harvard.edu/abs/2018MNRAS.479.5060L},
	adsnote = {Provided by the SAO/NASA Astrophysics Data System}
}



@ARTICLE{Bade++97,
	author = {{Bade}, N. and {Siebert}, J. and {Lopez}, S. and {Voges}, W. and
	{Reimers}, D.},
	title = "{RX J0911.4+0551: A new multiple QSO selected from the ROSAT All-Sky Survey.}",
	journal = {\aap},
	keywords = {QUASARS: GENERAL, QUASARS: INDIVIDUAL: RX J0911.4+0551, GRAVITATIONAL LENSING},
	year = "1997",
	month = "Jan",
	volume = {317},
	pages = {L13-L16},
	adsurl = {https://ui.adsabs.harvard.edu/abs/1997A&A...317L..13B},
	adsnote = {Provided by the SAO/NASA Astrophysics Data System}
}

@ARTICLE{Anguita++18,
	author = {{Anguita}, T. and {Schechter}, P.~L. and {Kuropatkin}, N. and
	{Morgan}, N.~D. and {Ostrovski}, F. and {Abramson}, L.~E. and
	{Agnello}, A. and {Apostolovski}, Y. and {Fassnacht}, C.~D. and
	{Hsueh}, J.~W. and {Motta}, V. and {Rojas}, K. and {Rusu}, C.~E. and
	{Treu}, T. and {Williams}, P. and {Auger}, M. and {Buckley-Geer}, E. and
	{Lin}, H. and {McMahon}, R. and {Abbott}, T.~M.~C. and {Allam}, S. and
	{Annis}, J. and {Bernstein}, R.~A. and {Bertin}, E. and {Brooks}, D. and
	{Burke}, D.~L. and {Carnero Rosell}, A. and {Carrasco-Kind}, M. and
	{Carretero}, J. and {Cunha}, C.~E. and {D'Andrea}, C.~B. and
	{De Vicente}, J. and {DePoy}, D.~L. and {Desai}, S. and {Diehl}, H.~T. and
	{Doel}, P. and {Flaugher}, B. and {Garc{\'\i}a-Bellido}, J. and
	{Gerdes}, D.~W. and {Gruen}, D. and {Gruendl}, R.~A. and
	{Gschwend}, J. and {Hartley}, W.~G. and {Hollowood}, D.~L. and
	{Honscheid}, K. and {James}, D.~J. and {Kuehn}, K. and {Lima}, M. and
	{Maia}, M.~A.~G. and {Miquel}, R. and {Plazas}, A.~A. and
	{Sanchez}, E. and {Scarpine}, V. and {Smith}, M. and
	{Soares-Santos}, M. and {Sobreira}, F. and {Suchyta}, E. and
	{Tarle}, G. and {Walker}, A.~R.},
	title = "{The STRong lensing Insights into the Dark Energy Survey (STRIDES) 2016 follow-up campaign - II. New quasar lenses from double component fitting}",
	journal = {\mnras},
	keywords = {gravitational lensing: strong, techniques: image processing, surveys, quasars: general, Astrophysics - Astrophysics of Galaxies, Astrophysics - Cosmology and Nongalactic Astrophysics},
	year = "2018",
	month = "Nov",
	volume = {480},
	number = {4},
	pages = {5017-5028},
	doi = {10.1093/mnras/sty2172},
	archivePrefix = {arXiv},
	eprint = {1805.12151},
	primaryClass = {astro-ph.GA},
	adsurl = {https://ui.adsabs.harvard.edu/abs/2018MNRAS.480.5017A},
	adsnote = {Provided by the SAO/NASA Astrophysics Data System}
}



@ARTICLE{Vegetti++12,
	author = {{Vegetti}, S. and {Lagattuta}, D.~J. and {McKean}, J.~P. and
	{Auger}, M.~W. and {Fassnacht}, C.~D. and {Koopmans}, L.~V.~E.},
	title = "{Gravitational detection of a low-mass dark satellite galaxy at cosmological distance}",
	journal = {\nat},
	keywords = {Astrophysics - Cosmology and Nongalactic Astrophysics},
	year = "2012",
	month = "Jan",
	volume = {481},
	number = {7381},
	pages = {341-343},
	doi = {10.1038/nature10669},
	archivePrefix = {arXiv},
	eprint = {1201.3643},
	primaryClass = {astro-ph.CO},
	adsurl = {https://ui.adsabs.harvard.edu/abs/2012Natur.481..341V},
	adsnote = {Provided by the SAO/NASA Astrophysics Data System}
}

@ARTICLE{BlandfordNarayan86,
	author = {{Blandford}, Roger and {Narayan}, Ramesh},
	title = "{Fermat's Principle, Caustics, and the Classification of Gravitational Lens Images}",
	journal = {\apj},
	keywords = {Caustics (Optics), Fermat Principle, Gravitational Lenses, Quasars, Catastrophe Theory, Cusps (Mathematics), Dark Matter, Density Distribution, Elliptical Galaxies, Galactic Clusters, Astrophysics, GALAXIES: CLUSTERING, GRAVITATION, QUASARS, RELATIVITY},
	year = "1986",
	month = "Nov",
	volume = {310},
	pages = {568},
	doi = {10.1086/164709},
	adsurl = {https://ui.adsabs.harvard.edu/abs/1986ApJ...310..568B},
	adsnote = {Provided by the SAO/NASA Astrophysics Data System}
}

@ARTICLE{Birrer++17b,
	author = {{Birrer}, S. and {Welschen}, C. and {Amara}, A. and {Refregier}, A.
	},
	title = "{Line-of-sight effects in strong lensing: putting theory into practice}",
	journal = {\jcap},
	archivePrefix = "arXiv",
	eprint = {1610.01599},
	year = 2017,
	month = apr,
	volume = 4,
	eid = {049},
	pages = {049},
	doi = {10.1088/1475-7516/2017/04/049},
	adsurl = {http://adsabs.harvard.edu/abs/2017JCAP...04..049B},
	adsnote = {Provided by the SAO/NASA Astrophysics Data System}
}


@ARTICLE{Navarro++96,
	author = {{Navarro}, J.~F. and {Frenk}, C.~S. and {White}, S.~D.~M.},
	title = "{The Structure of Cold Dark Matter Halos}",
	journal = {\apj},
	eprint = {astro-ph/9508025},
	keywords = {COSMOLOGY: THEORY, COSMOLOGY: DARK MATTER, GALAXIES: HALOS, METHODS: NUMERICAL},
	year = 1996,
	month = may,
	volume = 462,
	pages = {563},
	doi = {10.1086/177173},
	adsurl = {http://adsabs.harvard.edu/abs/1996ApJ...462..563N},
	adsnote = {Provided by the SAO/NASA Astrophysics Data System}
}

@ARTICLE{Ritondale++18,
	author = {{Ritondale}, E. and {Vegetti}, S. and {Despali}, G. and {Auger}, M.~W.
	and {Koopmans}, L.~V. E and {McKean}, J.~P.},
	title = "{Low-mass halo perturbations in strong gravitational lenses at redshift z $\sim$ 0.5 are consistent with CDM}",
	journal = {arXiv e-prints},
	keywords = {Astrophysics - Cosmology and Nongalactic Astrophysics, Astrophysics - Astrophysics of Galaxies},
	year = 2018,
	month = Nov,
	eid = {arXiv:1811.03627},
	pages = {arXiv:1811.03627},
	archivePrefix = {arXiv},
	eprint = {1811.03627},
	primaryClass = {astro-ph.CO},
	adsurl = {https://ui.adsabs.harvard.edu/\#abs/2018arXiv181103627R},
	adsnote = {Provided by the SAO/NASA Astrophysics Data System}
}

@ARTICLE{DiemerJoyce18,
	author = {{Diemer}, Benedikt and {Joyce}, Michael},
	title = "{An Accurate Physical Model for Halo Concentrations}",
	journal = {\apj},
	keywords = {cosmology: theory, dark matter, methods: numerical},
	year = "2019",
	month = "Feb",
	volume = {871},
	number = {2},
	eid = {168},
	pages = {168},
	doi = {10.3847/1538-4357/aafad6},
	adsurl = {https://ui.adsabs.harvard.edu/abs/2019ApJ...871..168D},
	adsnote = {Provided by the SAO/NASA Astrophysics Data System}
}

@ARTICLE{Keeton++97,
	author = {{Keeton}, C.~R. and {Kochanek}, C.~S. and {Seljak}, U.},
	title = "{Shear and Ellipticity in Gravitational Lenses}",
	journal = {\apj},
	keywords = {Cosmology: Theory, Galaxies: Elliptical and Lenticular, cD, Cosmology: Gravitational Lensing, Astrophysics},
	year = 1997,
	month = Jun,
	volume = {482},
	pages = {604-620},
	doi = {10.1086/304172},
	archivePrefix = {arXiv},
	eprint = {astro-ph/9610163},
	primaryClass = {astro-ph},
	adsurl = {https://ui.adsabs.harvard.edu/\#abs/1997ApJ...482..604K},
	adsnote = {Provided by the SAO/NASA Astrophysics Data System}
}


@ARTICLE{Maccio++13,
	author = {{Macci{\`o}}, A.~V. and {Ruchayskiy}, O. and {Boyarsky}, A. and 
	{Mu{\~n}oz-Cuartas}, J.~C.},
	title = "{The inner structure of haloes in cold+warm dark matter models}",
	journal = {\mnras},
	archivePrefix = "arXiv",
	eprint = {1202.2858},
	primaryClass = "astro-ph.CO",
	keywords = {cosmology: theory, dark matter, methods: numerical},
	year = 2013,
	month = jan,
	volume = 428,
	pages = {882-890},
	doi = {10.1093/mnras/sts078},
	adsurl = {http://adsabs.harvard.edu/abs/2013MNRAS.428..882M},
	adsnote = {Provided by the SAO/NASA Astrophysics Data System}
}

@ARTICLE{Bose++16,
	author = {{Bose}, S. and {Hellwing}, W.~A. and {Frenk}, C.~S. and {Jenkins}, A. and 
	{Lovell}, M.~R. and {Helly}, J.~C. and {Li}, B.},
	title = "{The Copernicus Complexio: statistical properties of warm dark matter haloes}",
	journal = {\mnras},
	archivePrefix = "arXiv",
	eprint = {1507.01998},
	keywords = {methods: numerical, dark matter},
	year = 2016,
	month = jan,
	volume = 455,
	pages = {318-333},
	doi = {10.1093/mnras/stv2294},
	adsurl = {http://adsabs.harvard.edu/abs/2016MNRAS.455..318B},
	adsnote = {Provided by the SAO/NASA Astrophysics Data System}
}

@ARTICLE{Benson12,
	author = {{Benson}, A.~J.},
	title = "{G ALACTICUS: A semi-analytic model of galaxy formation}",
	journal = {\na},
	archivePrefix = "arXiv",
	eprint = {1008.1786},
	year = 2012,
	month = feb,
	volume = 17,
	pages = {175-197},
	doi = {10.1016/j.newast.2011.07.004},
	adsurl = {http://adsabs.harvard.edu/abs/2012NewA...17..175B},
	adsnote = {Provided by the SAO/NASA Astrophysics Data System}
}

@ARTICLE{Benson++13,
	author = {{Benson}, A.~J. and {Farahi}, A. and {Cole}, S. and {Moustakas}, L.~A. and 
	{Jenkins}, A. and {Lovell}, M. and {Kennedy}, R. and {Helly}, J. and 
	{Frenk}, C.},
	title = "{Dark matter halo merger histories beyond cold dark matter - I. Methods and application to warm dark matter}",
	journal = {\mnras},
	archivePrefix = "arXiv",
	eprint = {1209.3018},
	keywords = {galaxies: formation, galaxies: haloes, cosmology: theory, dark matter},
	year = 2013,
	month = jan,
	volume = 428,
	pages = {1774-1789},
	doi = {10.1093/mnras/sts159},
	adsurl = {http://adsabs.harvard.edu/abs/2013MNRAS.428.1774B},
	adsnote = {Provided by the SAO/NASA Astrophysics Data System}
}

@ARTICLE{Schneider++13,
	author = {{Schneider}, A. and {Smith}, R.~E. and {Reed}, D.},
	title = "{Halo mass function and the free streaming scale}",
	journal = {\mnras},
	archivePrefix = "arXiv",
	eprint = {1303.0839},
	keywords = {cosmology: theory, dark matter},
	year = 2013,
	month = aug,
	volume = 433,
	pages = {1573-1587},
	doi = {10.1093/mnras/stt829},
	adsurl = {http://adsabs.harvard.edu/abs/2013MNRAS.433.1573S},
	adsnote = {Provided by the SAO/NASA Astrophysics Data System}
}

@ARTICLE{Xu++15,
	author = {{Xu}, D. and {Sluse}, D. and {Gao}, L. and {Wang}, J. and {Frenk}, C. and 
	{Mao}, S. and {Schneider}, P. and {Springel}, V.},
	title = "{How well can cold dark matter substructures account for the observed radio flux-ratio anomalies}",
	journal = {\mnras},
	archivePrefix = "arXiv",
	eprint = {1410.3282},
	keywords = {gravitational lensing: strong, galaxies: haloes, galaxies: structure, cosmology: theory, dark matter},
	year = 2015,
	month = mar,
	volume = 447,
	pages = {3189-3206},
	doi = {10.1093/mnras/stu2673},
	adsurl = {http://adsabs.harvard.edu/abs/2015MNRAS.447.3189X},
	adsnote = {Provided by the SAO/NASA Astrophysics Data System}
}

@ARTICLE{JiangvdB17,
	author = {{Jiang}, F. and {van den Bosch}, F.~C.},
	title = "{Statistics of dark matter substructure - III. Halo-to-halo variance}",
	journal = {\mnras},
	archivePrefix = "arXiv",
	eprint = {1610.02399},
	keywords = {methods: analytical, methods: statistical, galaxies: haloes, dark matter},
	year = 2017,
	month = nov,
	volume = 472,
	pages = {657-674},
	doi = {10.1093/mnras/stx1979},
	adsurl = {http://adsabs.harvard.edu/abs/2017MNRAS.472..657J},
	adsnote = {Provided by the SAO/NASA Astrophysics Data System}
}

@ARTICLE{Fiacconi++16,
	author = {{Fiacconi}, D. and {Madau}, P. and {Potter}, D. and {Stadel}, J.
	},
	title = "{Cold Dark Matter Substructures in Early-type Galaxy Halos}",
	journal = {\apj},
	archivePrefix = "arXiv",
	eprint = {1602.03526},
	keywords = {cosmology: theory, dark matter, galaxies: halos, gravitational lensing: strong, methods: numerical},
	year = 2016,
	month = jun,
	volume = 824,
	eid = {144},
	pages = {144},
	doi = {10.3847/0004-637X/824/2/144},
	adsurl = {http://adsabs.harvard.edu/abs/2016ApJ...824..144F},
	adsnote = {Provided by the SAO/NASA Astrophysics Data System}
}

@ARTICLE{Suyu++10,
	author = {{Suyu}, S.~H. and {Marshall}, P.~J. and {Auger}, M.~W. and {Hilbert}, S. and 
	{Blandford}, R.~D. and {Koopmans}, L.~V.~E. and {Fassnacht}, C.~D. and 
	{Treu}, T.},
	title = "{Dissecting the Gravitational lens B1608+656. II. Precision Measurements of the Hubble Constant, Spatial Curvature, and the Dark Energy Equation of State}",
	journal = {\apj},
	archivePrefix = "arXiv",
	eprint = {0910.2773},
	primaryClass = "astro-ph.CO",
	keywords = {cosmology: observations, distance scale, galaxies: individual: B1608+656, gravitational lensing: strong, methods: data analysis},
	year = 2010,
	month = mar,
	volume = 711,
	pages = {201-221},
	doi = {10.1088/0004-637X/711/1/201},
	adsurl = {http://adsabs.harvard.edu/abs/2010ApJ...711..201S},
	adsnote = {Provided by the SAO/NASA Astrophysics Data System}
}

@ARTICLE{Birrer++18,
	author = {{Birrer}, S. and {Treu}, T. and {Rusu}, C.~E. and {Bonvin}, V. and 
	{Fassnacht}, C.~D. and {Chan}, J.~H.~H. and {Agnello}, A. and 
	{Shajib}, A.~J. and {Chen}, G.~C.-F. and {Auger}, M. and {Courbin}, F. and 
	{Hilbert}, S. and {Sluse}, D. and {Suyu}, S.~H. and {Wong}, K.~C. and 
	{Marshall}, P. and {Lemaux}, B.~C. and {Meylan}, G.},
	title = "{H0LiCOW - IX. Cosmographic analysis of the doubly imaged quasar SDSS 1206+4332 and a new measurement of the Hubble constant}",
	journal = {ArXiv e-prints},
	archivePrefix = "arXiv",
	eprint = {1809.01274},
	keywords = {Astrophysics - Cosmology and Nongalactic Astrophysics},
	year = 2018,
	month = sep,
	adsurl = {http://adsabs.harvard.edu/abs/2018arXiv180901274B},
	adsnote = {Provided by the SAO/NASA Astrophysics Data System}
}

@ARTICLE{Tinker++10,
	author = {{Tinker}, Jeremy L. and {Robertson}, Brant E. and {Kravtsov}, Andrey V.
	and {Klypin}, Anatoly and {Warren}, Michael S. and {Yepes},
	Gustavo and {Gottl{\"o}ber}, Stefan},
	title = "{The Large-scale Bias of Dark Matter Halos: Numerical Calibration and Model Tests}",
	journal = {\apj},
	keywords = {cosmology: theory, large-scale structure of universe, methods: numerical, Astrophysics - Cosmology and Nongalactic Astrophysics},
	year = 2010,
	month = Dec,
	volume = {724},
	pages = {878-886},
	doi = {10.1088/0004-637X/724/2/878},
	archivePrefix = {arXiv},
	eprint = {1001.3162},
	primaryClass = {astro-ph.CO},
	adsurl = {https://ui.adsabs.harvard.edu/\#abs/2010ApJ...724..878T},
	adsnote = {Provided by the SAO/NASA Astrophysics Data System}
}



@ARTICLE{Treu++06,
	author = {{Treu}, T. and {Koopmans}, L.~V. and {Bolton}, A.~S. and {Burles}, S. and 
	{Moustakas}, L.~A.},
	title = "{The Sloan Lens ACS Survey. II. Stellar Populations and Internal Structure of Early-Type Lens Galaxies}",
	journal = {\apj},
	eprint = {astro-ph/0512044},
	keywords = {Galaxies: Elliptical and Lenticular, cD, Galaxies: Evolution, Galaxies: Formation, Galaxies: Structure, Cosmology: Gravitational Lensing},
	year = 2006,
	month = apr,
	volume = 640,
	pages = {662-672},
	doi = {10.1086/500124},
	adsurl = {http://adsabs.harvard.edu/abs/2006ApJ...640..662T},
	adsnote = {Provided by the SAO/NASA Astrophysics Data System}
}

@ARTICLE{Treu++09,
	author = {{Treu}, T. and {Gavazzi}, R. and {Gorecki}, A. and {Marshall}, P.~J. and 
	{Koopmans}, L.~V.~E. and {Bolton}, A.~S. and {Moustakas}, L.~A. and 
	{Burles}, S.},
	title = "{The SLACS Survey. VIII. The Relation between Environment and Internal Structure of Early-Type Galaxies}",
	journal = {\apj},
	archivePrefix = "arXiv",
	eprint = {0806.1056},
	keywords = {galaxies: elliptical and lenticular, cD, galaxies: evolution, galaxies: formation, galaxies: structure, gravitational lensing},
	year = 2009,
	month = jan,
	volume = 690,
	pages = {670-682},
	doi = {10.1088/0004-637X/690/1/670},
	adsurl = {http://adsabs.harvard.edu/abs/2009ApJ...690..670T},
	adsnote = {Provided by the SAO/NASA Astrophysics Data System}
}

@ARTICLE{ST99,
	author = {{Sheth}, R.~K. and {Mo}, H.~J. and {Tormen}, G.},
	title = "{Ellipsoidal collapse and an improved model for the number and spatial distribution of dark matter haloes}",
	journal = {\mnras},
	eprint = {astro-ph/9907024},
	keywords = {GALAXIES: CLUSTERS: GENERAL, COSMOLOGY: THEORY, DARK MATTER},
	year = 2001,
	month = may,
	volume = 323,
	pages = {1-12},
	doi = {10.1046/j.1365-8711.2001.04006.x},
	adsurl = {http://adsabs.harvard.edu/abs/2001MNRAS.323....1S},
	adsnote = {Provided by the SAO/NASA Astrophysics Data System}
}


@ARTICLE{Diemer17,
	author = {{Diemer}, Benedikt},
	title = "{COLOSSUS: A Python Toolkit for Cosmology, Large-scale Structure, and Dark Matter Halos}",
	journal = {\apjs},
	keywords = {cosmology: theory, methods: numerical, Astrophysics - Cosmology and Nongalactic Astrophysics, Astrophysics - Instrumentation and Methods for Astrophysics},
	year = "2018",
	month = "Dec",
	volume = {239},
	number = {2},
	eid = {35},
	pages = {35},
	doi = {10.3847/1538-4365/aaee8c},
	archivePrefix = {arXiv},
	eprint = {1712.04512},
	primaryClass = {astro-ph.CO},
	adsurl = {https://ui.adsabs.harvard.edu/abs/2018ApJS..239...35D},
	adsnote = {Provided by the SAO/NASA Astrophysics Data System}
}



@ARTICLE{Daylan++18,
	author = {{Daylan}, T. and {Cyr-Racine}, F.-Y. and {Diaz Rivero}, A. and 
	{Dvorkin}, C. and {Finkbeiner}, D.~P.},
	title = "{Probing the Small-scale Structure in Strongly Lensed Systems via Transdimensional Inference}",
	journal = {\apj},
	archivePrefix = "arXiv",
	eprint = {1706.06111},
	keywords = {dark matter, gravitational lensing: strong, methods: data analysis},
	year = 2018,
	month = feb,
	volume = 854,
	eid = {141},
	pages = {141},
	doi = {10.3847/1538-4357/aaaa1e},
	adsurl = {http://adsabs.harvard.edu/abs/2018ApJ...854..141D},
	adsnote = {Provided by the SAO/NASA Astrophysics Data System}
}

@ARTICLE{Cyr-Racine++16,
	author = {{Cyr-Racine}, F.-Y. and {Moustakas}, L.~A. and {Keeton}, C.~R. and 
	{Sigurdson}, K. and {Gilman}, D.~A.},
	title = "{Dark census: Statistically detecting the satellite populations of distant galaxies}",
	journal = {\prd},
	archivePrefix = "arXiv",
	eprint = {1506.01724},
	year = 2016,
	month = aug,
	volume = 94,
	number = 4,
	eid = {043505},
	pages = {043505},
	doi = {10.1103/PhysRevD.94.043505},
	adsurl = {http://adsabs.harvard.edu/abs/2016PhRvD..94d3505C},
	adsnote = {Provided by the SAO/NASA Astrophysics Data System}
}

@ARTICLE{Hezaveh++16b,
	author = {{Hezaveh}, Y. and {Dalal}, N. and {Holder}, G. and {Kisner}, T. and 
	{Kuhlen}, M. and {Perreault Levasseur}, L.},
	title = "{Measuring the power spectrum of dark matter substructure using strong gravitational lensing}",
	journal = {\jcap},
	archivePrefix = "arXiv",
	eprint = {1403.2720},
	year = 2016,
	month = nov,
	volume = 11,
	eid = {048},
	pages = {048},
	doi = {10.1088/1475-7516/2016/11/048},
	adsurl = {http://adsabs.harvard.edu/abs/2016JCAP...11..048H},
	adsnote = {Provided by the SAO/NASA Astrophysics Data System}
}


@ARTICLE{Menci++16,
	author = {{Menci}, N. and {Sanchez}, N.~G. and {Castellano}, M. and {Grazian}, A.
	},
	title = "{Constraining the Warm Dark Matter Particle Mass through Ultra-deep UV Luminosity Functions at z=2}",
	journal = {\apj},
	archivePrefix = "arXiv",
	eprint = {1601.01820},
	keywords = {dark matter, galaxies: abundances, galaxies: evolution, galaxies: formation},
	year = 2016,
	month = feb,
	volume = 818,
	eid = {90},
	pages = {90},
	doi = {10.3847/0004-637X/818/1/90},
	adsurl = {http://adsabs.harvard.edu/abs/2016ApJ...818...90M},
	adsnote = {Provided by the SAO/NASA Astrophysics Data System}
}

@ARTICLE{Hsueh++18,
	author = {{Hsueh}, J.-W. and {Despali}, G. and {Vegetti}, S. and {Xu}, D. and 
	{Fassnacht}, C.~D. and {Metcalf}, R.~B.},
	title = "{Flux-ratio anomalies from discs and other baryonic structures in the Illustris simulation}",
	journal = {\mnras},
	archivePrefix = "arXiv",
	eprint = {1707.07680},
	keywords = {gravitational lensing: strong, galaxies: structure},
	year = 2018,
	month = apr,
	volume = 475,
	pages = {2438-2451},
	doi = {10.1093/mnras/stx3320},
	adsurl = {http://adsabs.harvard.edu/abs/2018MNRAS.475.2438H},
	adsnote = {Provided by the SAO/NASA Astrophysics Data System}
}

@ARTICLE{Gilman++17,
	author = {{Gilman}, D. and {Agnello}, A. and {Treu}, T. and {Keeton}, C.~R. and 
	{Nierenberg}, A.~M.},
	title = "{Strong lensing signatures of luminous structure and substructure in early-type galaxies}",
	journal = {\mnras},
	archivePrefix = "arXiv",
	eprint = {1610.08525},
	keywords = {gravitational lensing: strong, galaxies: structure},
	year = 2017,
	month = jun,
	volume = 467,
	pages = {3970-3992},
	doi = {10.1093/mnras/stx158},
	adsurl = {http://adsabs.harvard.edu/abs/2017MNRAS.467.3970G},
	adsnote = {Provided by the SAO/NASA Astrophysics Data System}
}

@ARTICLE{Birrer++15,
	author = {{Birrer}, Simon and {Amara}, Adam and {Refregier}, Alexandre},
	title = "{Gravitational Lens Modeling with Basis Sets}",
	journal = {\apj},
	keywords = {cosmological parameters, distance scale, gravitational lensing: strong, methods: numerical, Astrophysics - Cosmology and Nongalactic Astrophysics},
	year = 2015,
	month = Nov,
	volume = {813},
	eid = {102},
	pages = {102},
	doi = {10.1088/0004-637X/813/2/102},
	archivePrefix = {arXiv},
	eprint = {1504.07629},
	primaryClass = {astro-ph.CO},
	adsurl = {https://ui.adsabs.harvard.edu/\#abs/2015ApJ...813..102B},
	adsnote = {Provided by the SAO/NASA Astrophysics Data System}
}

@ARTICLE{Xu++12,
	author = {{Xu}, D.~D. and {Mao}, S. and {Cooper}, A.~P. and {Gao}, L. and 
	{Frenk}, C.~S. and {Angulo}, R.~E. and {Helly}, J.},
	title = "{On the effects of line-of-sight structures on lensing flux-ratio anomalies in a {$\Lambda$}CDM universe}",
	journal = {\mnras},
	archivePrefix = "arXiv",
	eprint = {1110.1185},
	keywords = {gravitational lensing: strong, galaxies: haloes, galaxies: structure, cosmology: theory, dark matter},
	year = 2012,
	month = apr,
	volume = 421,
	pages = {2553-2567},
	doi = {10.1111/j.1365-2966.2012.20484.x},
	adsurl = {http://adsabs.harvard.edu/abs/2012MNRAS.421.2553X},
	adsnote = {Provided by the SAO/NASA Astrophysics Data System}
}

@ARTICLE{Inoue++12,
	author = {{Inoue}, K.~T. and {Takahashi}, R.},
	title = "{Weak lensing by line-of-sight haloes as the origin of flux-ratio anomalies in quadruply lensed QSOs}",
	journal = {\mnras},
	archivePrefix = "arXiv",
	eprint = {1207.2139},
	keywords = {galaxies: formation, cosmology: theory, dark matter},
	year = 2012,
	month = nov,
	volume = 426,
	pages = {2978-2993},
	doi = {10.1111/j.1365-2966.2012.21915.x},
	adsurl = {http://adsabs.harvard.edu/abs/2012MNRAS.426.2978I},
	adsnote = {Provided by the SAO/NASA Astrophysics Data System}
}

@ARTICLE{Despali++18,
	author = {{Despali}, G. and {Vegetti}, S. and {White}, S.~D.~M. and {Giocoli}, C. and 
	{van den Bosch}, F.~C.},
	title = "{Modelling the line-of-sight contribution in substructure lensing}",
	journal = {\mnras},
	archivePrefix = "arXiv",
	eprint = {1710.05029},
	keywords = {gravitational lensing: strong, galaxies: general, galaxies: haloes, dark matter, large-scale structure of Universe, cosmology: theory},
	year = 2018,
	month = apr,
	volume = 475,
	pages = {5424-5442},
	doi = {10.1093/mnras/sty159},
	adsurl = {http://adsabs.harvard.edu/abs/2018MNRAS.475.5424D},
	adsnote = {Provided by the SAO/NASA Astrophysics Data System}
}

@ARTICLE{DoblerKeeton02,
	author = {{Dobler}, G. and {Keeton}, C.~R.},
	title = "{Finite source effects in strong lensing: implications for the substructure mass scale}",
	journal = {\mnras},
	eprint = {astro-ph/0502436},
	keywords = {gravitational lensing, cosmology: theory, dark matter},
	year = 2006,
	month = feb,
	volume = 365,
	pages = {1243-1262},
	doi = {10.1111/j.1365-2966.2005.09809.x},
	adsurl = {http://adsabs.harvard.edu/abs/2006MNRAS.365.1243D},
	adsnote = {Provided by the SAO/NASA Astrophysics Data System}
}

@ARTICLE{MoustakasMetcalf02,
	author = {{Moustakas}, L.~A. and {Metcalf}, R.~B.},
	title = "{Detecting dark matter substructure spectroscopically in strong gravitational lenses}",
	journal = {\mnras},
	eprint = {astro-ph/0206176},
	keywords = {gravitational lensing, galaxies: evolution, galaxies: fundamental parameters, galaxies: haloes, quasars: individual: Q2237+0305, dark matter},
	year = 2003,
	month = mar,
	volume = 339,
	pages = {607-615},
	doi = {10.1046/j.1365-8711.2003.06055.x},
	adsurl = {http://adsabs.harvard.edu/abs/2003MNRAS.339..607M},
	adsnote = {Provided by the SAO/NASA Astrophysics Data System}
}

@ARTICLE{Nierenberg++14,
	author = {{Nierenberg}, A.~M. and {Treu}, T. and {Wright}, S.~A. and {Fassnacht}, C.~D. and 
	{Auger}, M.~W.},
	title = "{Detection of substructure with adaptive optics integral field spectroscopy of the gravitational lens B1422+231}",
	journal = {\mnras},
	archivePrefix = "arXiv",
	eprint = {1402.1496},
	keywords = {gravitational lensing: strong, galaxies: dwarf, galaxies: haloes, quasars: emission lines, quasars: individual: CLASS B1422+231, dark matter},
	year = 2014,
	month = aug,
	volume = 442,
	pages = {2434-2445},
	doi = {10.1093/mnras/stu862},
	adsurl = {http://adsabs.harvard.edu/abs/2014MNRAS.442.2434N},
	adsnote = {Provided by the SAO/NASA Astrophysics Data System}
}

@ARTICLE{Nierenberg++17,
	author = {{Nierenberg}, A.~M. and {Treu}, T. and {Brammer}, G. and {Peter}, A.~H.~G. and 
	{Fassnacht}, C.~D. and {Keeton}, C.~R. and {Kochanek}, C.~S. and 
	{Schmidt}, K.~B. and {Sluse}, D. and {Wright}, S.~A.},
	title = "{Probing dark matter substructure in the gravitational lens HE 0435-1223 with the WFC3 grism}",
	journal = {\mnras},
	archivePrefix = "arXiv",
	eprint = {1701.05188},
	keywords = {galaxies: dwarf, galaxies: haloes, quasars: individual: HE 0435-1223, dark matter},
	year = 2017,
	month = oct,
	volume = 471,
	pages = {2224-2236},
	doi = {10.1093/mnras/stx1400},
	adsurl = {http://adsabs.harvard.edu/abs/2017MNRAS.471.2224N},
	adsnote = {Provided by the SAO/NASA Astrophysics Data System}
}

@ARTICLE{MaoSchnieder98,
	author = {{Mao}, S. and {Schneider}, P.},
	title = "{Evidence for substructure in lens galaxies?}",
	journal = {\mnras},
	eprint = {astro-ph/9707187},
	keywords = {Gravitational Lenses, Galactic Structure, Quasars, Astronomical Models, Parameterization, Flux (Rate)},
	year = 1998,
	month = apr,
	volume = 295,
	pages = {587},
	doi = {10.1046/j.1365-8711.1998.01319.x},
	adsurl = {http://adsabs.harvard.edu/abs/1998MNRAS.295..587M},
	adsnote = {Provided by the SAO/NASA Astrophysics Data System}
}

@ARTICLE{MetcalfMadau01,
	author = {{Metcalf}, R.~B. and {Madau}, P.},
	title = "{Compound Gravitational Lensing as a Probe of Dark Matter Substructure within Galaxy Halos}",
	journal = {\apj},
	eprint = {astro-ph/0108224},
	keywords = {Cosmology: Theory, Cosmology: Dark Matter, Galaxies: Formation, Cosmology: Gravitational Lensing},
	year = 2001,
	month = dec,
	volume = 563,
	pages = {9-20},
	doi = {10.1086/323695},
	adsurl = {http://adsabs.harvard.edu/abs/2001ApJ...563....9M},
	adsnote = {Provided by the SAO/NASA Astrophysics Data System}
}

@ARTICLE{D+K02,
	author = {{Dalal}, N. and {Kochanek}, C.~S.},
	title = "{Direct Detection of Cold Dark Matter Substructure}",
	journal = {\apj},
	eprint = {astro-ph/0111456},
	keywords = {Cosmology: Theory, Cosmology: Dark Matter, Galaxies: Formation, Cosmology: Gravitational Lensing, Cosmology: Large-Scale Structure of Universe},
	year = 2002,
	month = jun,
	volume = 572,
	pages = {25-33},
	doi = {10.1086/340303},
	adsurl = {http://adsabs.harvard.edu/abs/2002ApJ...572...25D},
	adsnote = {Provided by the SAO/NASA Astrophysics Data System}
}

@ARTICLE{Abazajian17,
	author = {{Abazajian}, K.~N.},
	title = "{Sterile neutrinos in cosmology}",
	journal = {\physrep},
	archivePrefix = "arXiv",
	eprint = {1705.01837},
	primaryClass = "hep-ph",
	year = 2017,
	month = nov,
	volume = 711,
	pages = {1-28},
	doi = {10.1016/j.physrep.2017.10.003},
	adsurl = {http://adsabs.harvard.edu/abs/2017PhR...711....1A},
	adsnote = {Provided by the SAO/NASA Astrophysics Data System}
}

@ARTICLE{ShoemakerKus09,
	author = {{Shoemaker}, I.~M. and {Kusenko}, A.},
	title = "{Gravitino dark matter from Q-ball decays}",
	journal = {\prd},
	archivePrefix = "arXiv",
	eprint = {0909.3334},
	primaryClass = "hep-ph",
	keywords = {Supersymmetric models, Dark matter},
	year = 2009,
	month = oct,
	volume = 80,
	number = 7,
	eid = {075021},
	pages = {075021},
	doi = {10.1103/PhysRevD.80.075021},
	adsurl = {http://adsabs.harvard.edu/abs/2009PhRvD..80g5021S},
	adsnote = {Provided by the SAO/NASA Astrophysics Data System}
}

@ARTICLE{Kusenko09,
	author = {{Kusenko}, A.},
	title = "{Sterile neutrinos: The dark side of the light fermions}",
	journal = {\physrep},
	archivePrefix = "arXiv",
	eprint = {0906.2968},
	primaryClass = "hep-ph",
	year = 2009,
	month = sep,
	volume = 481,
	pages = {1-28},
	doi = {10.1016/j.physrep.2009.07.004},
	adsurl = {http://adsabs.harvard.edu/abs/2009PhR...481....1K},
	adsnote = {Provided by the SAO/NASA Astrophysics Data System}
}

@ARTICLE{Read++18,
   author = {{Read}, J.~I. and {Walker}, M.~G. and {Steger}, P.},
    title = "{Dark matter heats up in dwarf galaxies}",
  journal = {ArXiv e-prints},
archivePrefix = "arXiv",
   eprint = {1808.06634},
 keywords = {Astrophysics - Astrophysics of Galaxies, Astrophysics - Cosmology and Nongalactic Astrophysics},
     year = 2018,
    month = aug,
   adsurl = {http://adsabs.harvard.edu/abs/2018arXiv180806634R},
  adsnote = {Provided by the SAO/NASA Astrophysics Data System}
}

@ARTICLE{Kim++17,
   author = {{Kim}, S.~Y. and {Peter}, A.~H.~G. and {Wittman}, D.},
    title = "{In the wake of dark giants: new signatures of dark matter self-interactions in equal-mass mergers of galaxy clusters}",
  journal = {\mnras},
archivePrefix = "arXiv",
   eprint = {1608.08630},
 keywords = {methods: numerical, galaxies: clusters: general, dark matter},
     year = 2017,
    month = aug,
   volume = 469,
    pages = {1414-1444},
      doi = {10.1093/mnras/stx896},
   adsurl = {http://adsabs.harvard.edu/abs/2017MNRAS.469.1414K},
  adsnote = {Provided by the SAO/NASA Astrophysics Data System}
}

@ARTICLE{Irsic++17,
   author = {{Ir{\v s}i{\v c}}, V. and {Viel}, M. and {Haehnelt}, M.~G. and 
	{Bolton}, J.~S. and {Cristiani}, S. and {Becker}, G.~D. and 
	{D'Odorico}, V. and {Cupani}, G. and {Kim}, T.-S. and {Berg}, T.~A.~M. and 
	{L{\'o}pez}, S. and {Ellison}, S. and {Christensen}, L. and 
	{Denney}, K.~D. and {Worseck}, G.},
    title = "{New constraints on the free-streaming of warm dark matter from intermediate and small scale Lyman-{$\alpha$} forest data}",
  journal = {\prd},
archivePrefix = "arXiv",
   eprint = {1702.01764},
     year = 2017,
    month = jul,
   volume = 96,
   number = 2,
      eid = {023522},
    pages = {023522},
      doi = {10.1103/PhysRevD.96.023522},
   adsurl = {http://adsabs.harvard.edu/abs/2017PhRvD..96b3522I},
  adsnote = {Provided by the SAO/NASA Astrophysics Data System}
}

@ARTICLE{Schnieder++13,
	author = {{Schneider}, Aurel and {Smith}, Robert E. and {Reed}, Darren},
	title = "{Halo mass function and the free streaming scale}",
	journal = {\mnras},
	keywords = {cosmology: theory, dark matter, Astrophysics - Cosmology and Nongalactic Astrophysics},
	year = "2013",
	month = "Aug",
	volume = {433},
	number = {2},
	pages = {1573-1587},
	doi = {10.1093/mnras/stt829},
	archivePrefix = {arXiv},
	eprint = {1303.0839},
	primaryClass = {astro-ph.CO},
	adsurl = {https://ui.adsabs.harvard.edu/abs/2013MNRAS.433.1573S},
	adsnote = {Provided by the SAO/NASA Astrophysics Data System}
}

@ARTICLE{TulinYu18,
   author = {{Tulin}, S. and {Yu}, H.-B.},
    title = "{Dark matter self-interactions and small scale structure}",
  journal = {\physrep},
archivePrefix = "arXiv",
   eprint = {1705.02358},
 primaryClass = "hep-ph",
     year = 2018,
    month = feb,
   volume = 730,
    pages = {1-57},
      doi = {10.1016/j.physrep.2017.11.004},
   adsurl = {http://adsabs.harvard.edu/abs/2018PhR...730....1T},
  adsnote = {Provided by the SAO/NASA Astrophysics Data System}
}

@ARTICLE{Bringmann++17,
   author = {{Bringmann}, T. and {Kahlhoefer}, F. and {Schmidt-Hoberg}, K. and 
	{Walia}, P.},
    title = "{Strong Constraints on Self-Interacting Dark Matter with Light Mediators}",
  journal = {Physical Review Letters},
archivePrefix = "arXiv",
   eprint = {1612.00845},
 primaryClass = "hep-ph",
     year = 2017,
    month = apr,
   volume = 118,
   number = 14,
      eid = {141802},
    pages = {141802},
      doi = {10.1103/PhysRevLett.118.141802},
   adsurl = {http://adsabs.harvard.edu/abs/2017PhRvL.118n1802B},
  adsnote = {Provided by the SAO/NASA Astrophysics Data System}
}

@ARTICLE{Gilman++19,
	author = {{Gilman}, Daniel and {Birrer}, Simon and {Treu}, Tommaso and
	{Nierenberg}, Anna and {Benson}, Andrew},
	title = "{Probing dark matter structure down to {}10$^{7}$ solar masses: flux ratio statistics in gravitational lenses with line of sight halos}",
	journal = {\mnras},
	keywords = {gravitational lensing: strong, cosmology: dark matter, galaxies: structure, methods: statistical, Astrophysics - Cosmology and Nongalactic Astrophysics},
	year = "2019",
	month = "Jun",
	pages = {1618},
	doi = {10.1093/mnras/stz1593},
	archivePrefix = {arXiv},
	eprint = {1901.11031},
	primaryClass = {astro-ph.CO},
	adsurl = {https://ui.adsabs.harvard.edu/abs/2019MNRAS.tmp.1618G},
	adsnote = {Provided by the SAO/NASA Astrophysics Data System}
}

@ARTICLE{Gilman++18,
   author = {{Gilman}, D. and {Birrer}, S. and {Treu}, T. and {Keeton}, C.~R. and 
	{Nierenberg}, A.},
    title = "{Probing the nature of dark matter by forward modelling flux ratios in strong gravitational lenses}",
  journal = {\mnras},
archivePrefix = "arXiv",
   eprint = {1712.04945},
 keywords = {gravitational lensing: strong, methods: statistical, galaxies: structure, dark matter},
     year = 2018,
    month = nov,
   volume = 481,
    pages = {819-834},
      doi = {10.1093/mnras/sty2261},
   adsurl = {http://adsabs.harvard.edu/abs/2018MNRAS.481..819G},
  adsnote = {Provided by the SAO/NASA Astrophysics Data System}
}

@ARTICLE{Lovell++16,
	author = {{Lovell}, Mark R. and {Bose}, Sownak and {Boyarsky}, Alexey and
	{Cole}, Shaun and {Frenk}, Carlos S. and {Gonzalez-Perez}, Violeta and
	{Kennedy}, Rachel and {Ruchayskiy}, Oleg and {Smith}, Alex},
	title = "{Satellite galaxies in semi-analytic models of galaxy formation with sterile neutrino dark matter}",
	journal = {\mnras},
	keywords = {dark matter, Astrophysics - Cosmology and Nongalactic Astrophysics, Astrophysics - Astrophysics of Galaxies},
	year = "2016",
	month = "Sep",
	volume = {461},
	number = {1},
	pages = {60-72},
	doi = {10.1093/mnras/stw1317},
	archivePrefix = {arXiv},
	eprint = {1511.04078},
	primaryClass = {astro-ph.CO},
	adsurl = {https://ui.adsabs.harvard.edu/abs/2016MNRAS.461...60L},
	adsnote = {Provided by the SAO/NASA Astrophysics Data System}
}

@ARTICLE{Bulbul++14,
	author = {{Bulbul}, Esra and {Markevitch}, Maxim and {Foster}, Adam and {Smith}, Rand
	all K. and {Loewenstein}, Michael and {Randall}, Scott W.},
	title = "{Detection of an Unidentified Emission Line in the Stacked X-Ray Spectrum of Galaxy Clusters}",
	journal = {\apj},
	keywords = {dark matter, elementary particles, line: identification, neutrinos, X-rays: galaxies: clusters, Astrophysics - Cosmology and Nongalactic Astrophysics, Astrophysics - High Energy Astrophysical Phenomena},
	year = "2014",
	month = "Jul",
	volume = {789},
	number = {1},
	eid = {13},
	pages = {13},
	doi = {10.1088/0004-637X/789/1/13},
	archivePrefix = {arXiv},
	eprint = {1402.2301},
	primaryClass = {astro-ph.CO},
	adsurl = {https://ui.adsabs.harvard.edu/abs/2014ApJ...789...13B},
	adsnote = {Provided by the SAO/NASA Astrophysics Data System}
}



@ARTICLE{Vegetti++18,
	author = {{Vegetti}, S. and {Despali}, G. and {Lovell}, M.~R. and {Enzi}, W.
	},
	title = "{Constraining sterile neutrino cosmologies with strong gravitational lensing observations at redshift z\~{}0.2}",
	journal = {ArXiv e-prints},
	archivePrefix = "arXiv",
	eprint = {1801.01505},
	keywords = {Astrophysics - Cosmology and Nongalactic Astrophysics},
	year = 2018,
	month = jan,
	adsurl = {http://adsabs.harvard.edu/abs/2018arXiv180101505V},
	adsnote = {Provided by the SAO/NASA Astrophysics Data System}
}

@ARTICLE{Bode++01,
   author = {{Bode}, P. and {Ostriker}, J.~P. and {Turok}, N.},
    title = "{Halo Formation in Warm Dark Matter Models}",
  journal = {\apj},
   eprint = {astro-ph/0010389},
 keywords = {Cosmology: Theory, Cosmology: Dark Matter, Galaxies: Formation, Galaxies: Halos, Methods: Numerical},
     year = 2001,
    month = jul,
   volume = 556,
    pages = {93-107},
      doi = {10.1086/321541},
   adsurl = {http://adsabs.harvard.edu/abs/2001ApJ...556...93B},
  adsnote = {Provided by the SAO/NASA Astrophysics Data System}
}

@ARTICLE{Lovell++14,
   author = {{Lovell}, M.~R. and {Frenk}, C.~S. and {Eke}, V.~R. and {Jenkins}, A. and 
	{Gao}, L. and {Theuns}, T.},
    title = "{The properties of warm dark matter haloes}",
  journal = {\mnras},
archivePrefix = "arXiv",
   eprint = {1308.1399},
 keywords = {galaxies: dwarf, dark matter},
     year = 2014,
    month = mar,
   volume = 439,
    pages = {300-317},
      doi = {10.1093/mnras/stt2431},
   adsurl = {http://adsabs.harvard.edu/abs/2014MNRAS.439..300L},
  adsnote = {Provided by the SAO/NASA Astrophysics Data System}
}

@ARTICLE{Schneider++12,
   author = {{Schneider}, A. and {Smith}, R.~E. and {Macci{\`o}}, A.~V. and 
	{Moore}, B.},
    title = "{Non-linear evolution of cosmological structures in warm dark matter models}",
  journal = {\mnras},
archivePrefix = "arXiv",
   eprint = {1112.0330},
 keywords = {cosmology: theory, dark matter, large-scale structure of Universe},
     year = 2012,
    month = jul,
   volume = 424,
    pages = {684-698},
      doi = {10.1111/j.1365-2966.2012.21252.x},
   adsurl = {http://adsabs.harvard.edu/abs/2012MNRAS.424..684S},
  adsnote = {Provided by the SAO/NASA Astrophysics Data System}
}

@ARTICLE{Viel13,
   author = {{Viel}, M. and {Becker}, G.~D. and {Bolton}, J.~S. and {Haehnelt}, M.~G.
	},
    title = "{Warm dark matter as a solution to the small scale crisis: New constraints from high redshift Lyman-{$\alpha$} forest data}",
  journal = {\prd},
archivePrefix = "arXiv",
   eprint = {1306.2314},
 keywords = {Particle-theory and field-theory models of the early Universe, Dark matter, Intergalactic matter, quasar absorption and emission-line systems, Lyman forest},
     year = 2013,
    month = aug,
   volume = 88,
   number = 4,
      eid = {043502},
    pages = {043502},
      doi = {10.1103/PhysRevD.88.043502},
   adsurl = {http://adsabs.harvard.edu/abs/2013PhRvD..88d3502V},
  adsnote = {Provided by the SAO/NASA Astrophysics Data System}
}

@article{S+S00,
	Adsnote = {Provided by the SAO/NASA Astrophysics Data System},
	Adsurl = {http://adsabs.harvard.edu/abs/2000PhRvL..84.3760S},
	Author = {{Spergel}, D.~N. and {Steinhardt}, P.~J.},
	Date-Added = {2011-07-11 14:14:19 +0200},
	Date-Modified = {2011-07-11 14:15:41 +0200},
	Doi = {10.1103/PhysRevLett.84.3760},
	Eprint = {arXiv:astro-ph/9909386},
	Journal = {Physical Review Letters},
	Month = apr,
	Pages = {3760-3763},
	Title = {{Observational Evidence for Self-Interacting Cold Dark Matter}},
	Volume = 84,
	Year = 2000,
	Bdsk-Url-1 = {http://dx.doi.org/10.1103/PhysRevLett.84.3760}}
	
@ARTICLE{Rocha++13,
	author = {{Rocha}, M. and {Peter}, A.~H.~G. and {Bullock}, J.~S. and {Kaplinghat}, M. and 
	{Garrison-Kimmel}, S. and {O{\~n}orbe}, J. and {Moustakas}, L.~A.
	},
	title = "{Cosmological simulations with self-interacting dark matter - I. Constant-density cores and substructure}",
	journal = {\mnras},
	archivePrefix = "arXiv",
	eprint = {1208.3025},
	keywords = {methods: numerical, galaxies: haloes, dark matter},
	year = 2013,
	month = mar,
	volume = 430,
	pages = {81-104},
	doi = {10.1093/mnras/sts514},
	adsurl = {http://adsabs.harvard.edu/abs/2013MNRAS.430...81R},
	adsnote = {Provided by the SAO/NASA Astrophysics Data System}
}

@ARTICLE{Vogelsberger++16,
   author = {{Vogelsberger}, M. and {Zavala}, J. and {Cyr-Racine}, F.-Y. and 
	{Pfrommer}, C. and {Bringmann}, T. and {Sigurdson}, K.},
    title = "{ETHOS - an effective theory of structure formation: dark matter physics as a possible explanation of the small-scale CDM problems}",
  journal = {\mnras},
archivePrefix = "arXiv",
   eprint = {1512.05349},
 keywords = {methods: numerical, galaxies: haloes, dark matter},
     year = 2016,
    month = aug,
   volume = 460,
    pages = {1399-1416},
      doi = {10.1093/mnras/stw1076},
   adsurl = {http://adsabs.harvard.edu/abs/2016MNRAS.460.1399V},
  adsnote = {Provided by the SAO/NASA Astrophysics Data System}
}

@article{Kamada++17,
  title = {Self-Interacting Dark Matter Can Explain Diverse Galactic Rotation Curves},
  author = {Kamada, Ayuki and Kaplinghat, Manoj and Pace, Andrew B. and Yu, Hai-Bo},
  journal = {Phys. Rev. Lett.},
  volume = {119},
  issue = {11},
  pages = {111102},
  numpages = {6},
  year = {2017},
  month = {Sep},
  publisher = {American Physical Society},
  doi = {10.1103/PhysRevLett.119.111102},
  url = {https://link.aps.org/doi/10.1103/PhysRevLett.119.111102}
}

@ARTICLE{Kim++17b,
	author = {{Kim}, Stacy Y. and {Peter}, Annika H.~G. and {Hargis}, Jonathan R.},
	title = "{Missing Satellites Problem: Completeness Corrections to the Number of Satellite Galaxies in the Milky Way are Consistent with Cold Dark Matter Predictions}",
	journal = {\prl},
	year = "2018",
	month = "Nov",
	volume = {121},
	number = {21},
	eid = {211302},
	pages = {211302},
	doi = {10.1103/PhysRevLett.121.211302},
	adsurl = {https://ui.adsabs.harvard.edu/abs/2018PhRvL.121u1302K},
	adsnote = {Provided by the SAO/NASA Astrophysics Data System}
}

@ARTICLE{BullockBK17,
	author = {{Bullock}, J.~S. and {Boylan-Kolchin}, M.},
	title = "{Small-Scale Challenges to the {$\Lambda$}CDM Paradigm}",
	journal = {\araa},
	archivePrefix = "arXiv",
	eprint = {1707.04256},
	year = 2017,
	month = aug,
	volume = 55,
	pages = {343-387},
	doi = {10.1146/annurev-astro-091916-055313},
	adsurl = {http://adsabs.harvard.edu/abs/2017ARA%26A..55..343B},
	adsnote = {Provided by the SAO/NASA Astrophysics Data System}
}

@ARTICLE{Baltz++09,
	author = {{Baltz}, E.~A. and {Marshall}, P. and {Oguri}, M.},
	title = "{Analytic models of plausible gravitational lens potentials}",
	journal = {\jcap},
	archivePrefix = "arXiv",
	eprint = {0705.0682},
	year = 2009,
	month = jan,
	volume = 1,
	eid = {015},
	pages = {015},
	doi = {10.1088/1475-7516/2009/01/015},
	adsurl = {http://adsabs.harvard.edu/abs/2009JCAP...01..015B},
	adsnote = {Provided by the SAO/NASA Astrophysics Data System}
}

@ARTICLE{Ludlow++16,
	author = {{Ludlow}, A.~D. and {Bose}, S. and {Angulo}, R.~E. and {Wang}, L. and 
	{Hellwing}, W.~A. and {Navarro}, J.~F. and {Cole}, S. and {Frenk}, C.~S.
	},
	title = "{The mass-concentration-redshift relation of cold and warm dark matter haloes}",
	journal = {\mnras},
	archivePrefix = "arXiv",
	eprint = {1601.02624},
	keywords = {methods: numerical, galaxies: haloes, dark matter},
	year = 2016,
	month = aug,
	volume = 460,
	pages = {1214-1232},
	doi = {10.1093/mnras/stw1046},
	adsurl = {http://adsabs.harvard.edu/abs/2016MNRAS.460.1214L},
	adsnote = {Provided by the SAO/NASA Astrophysics Data System}
}

@ARTICLE{Nierenberg++16,
   author = {{Nierenberg}, A.~M. and {Treu}, T. and {Menci}, N. and {Lu}, Y. and 
	{Torrey}, P. and {Vogelsberger}, M.},
    title = "{The missing satellite problem in 3D}",
  journal = {\mnras},
archivePrefix = "arXiv",
   eprint = {1603.01614},
 keywords = {galaxies: dwarf, galaxies: evolution, galaxies: luminosity function, mass function, dark matter},
     year = 2016,
    month = nov,
   volume = 462,
    pages = {4473-4481},
      doi = {10.1093/mnras/stw1860},
   adsurl = {http://adsabs.harvard.edu/abs/2016MNRAS.462.4473N},
  adsnote = {Provided by the SAO/NASA Astrophysics Data System}
}

@ARTICLE{Tollet++16,
	author = {{Tollet}, E. and {Macci{\`o}}, A.~V. and {Dutton}, A.~A. and 
	{Stinson}, G.~S. and {Wang}, L. and {Penzo}, C. and {Gutcke}, T.~A. and 
	{Buck}, T. and {Kang}, X. and {Brook}, C. and {Di Cintio}, A. and 
	{Keller}, B.~W. and {Wadsley}, J.},
	title = "{NIHAO - IV: core creation and destruction in dark matter density profiles across cosmic time}",
	journal = {\mnras},
	archivePrefix = "arXiv",
	eprint = {1507.03590},
	keywords = {hydrodynamics, galaxies: evolution, dark matter},
	year = 2016,
	month = mar,
	volume = 456,
	pages = {3542-3552},
	doi = {10.1093/mnras/stv2856},
	adsurl = {http://adsabs.harvard.edu/abs/2016MNRAS.456.3542T},
	adsnote = {Provided by the SAO/NASA Astrophysics Data System}
}

@ARTICLE{DespVeg16,
	author = {{Despali}, G. and {Vegetti}, S.},
	title = "{The impact of baryonic physics on the subhalo mass function and implications for gravitational lensing}",
	journal = {\mnras},
	archivePrefix = "arXiv",
	eprint = {1608.06938},
	keywords = {methods: numerical, galaxies: haloes, cosmology: theory, dark matter},
	year = 2017,
	month = aug,
	volume = 469,
	pages = {1997-2010},
	doi = {10.1093/mnras/stx966},
	adsurl = {http://adsabs.harvard.edu/abs/2017MNRAS.469.1997D},
	adsnote = {Provided by the SAO/NASA Astrophysics Data System}
}

@ARTICLE{GK++17,
	author = {{Garrison-Kimmel}, S. and {Wetzel}, A. and {Bullock}, J.~S. and 
	{Hopkins}, P.~F. and {Boylan-Kolchin}, M. and {Faucher-Gigu{\`e}re}, C.-A. and 
	{Kere{\v s}}, D. and {Quataert}, E. and {Sanderson}, R.~E. and 
	{Graus}, A.~S. and {Kelley}, T.},
	title = "{Not so lumpy after all: modelling the depletion of dark matter subhaloes by Milky Way-like galaxies}",
	journal = {\mnras},
	archivePrefix = "arXiv",
	eprint = {1701.03792},
	keywords = {galaxies: haloes, Local Group, dark matter, cosmology: theory},
	year = 2017,
	month = oct,
	volume = 471,
	pages = {1709-1727},
	doi = {10.1093/mnras/stx1710},
	adsurl = {http://adsabs.harvard.edu/abs/2017MNRAS.471.1709G},
	adsnote = {Provided by the SAO/NASA Astrophysics Data System}
}

@ARTICLE{Veg++14,
   author = {{Vegetti}, S. and {Koopmans}, L.~V.~E. and {Auger}, M.~W. and
	{Treu}, T. and {Bolton}, A.~S.},
    title = "{Inference of the cold dark matter substructure mass function at z = 0.2 using strong gravitational lenses}",
  journal = {\mnras},
archivePrefix = "arXiv",
   eprint = {1405.3666},
 keywords = {galaxies: structure},
     year = 2014,
    month = aug,
   volume = 442,
    pages = {2017-2035},
      doi = {10.1093/mnras/stu943},
   adsurl = {http://adsabs.harvard.edu/abs/2014MNRAS.442.2017V},
  adsnote = {Provided by the SAO/NASA Astrophysics Data System}
}

@ARTICLE{Ros++00,
	author = {{Ros}, E. and {Guirado}, J.~C. and {Marcaide}, J.~M. and
	{P{\'e}rez-Torres}, M.~A. and {Falco}, E.~E. and {Mu{\~n}oz}, J.~A. and
	{Alberdi}, A. and {Lara}, L.},
	title = "{VLBI imaging of the gravitational lens MG J0414+0534}",
	journal = {\aap},
	keywords = {TECHNIQUES: INTERFEROMETRIC, GALAXIES: JETS, GALAXIES: QUASARS: INDIVIDUAL: MG J0414+0534, COSMOLOGY: GRAVITATIONAL LENSING, Astrophysics},
	year = "2000",
	month = "Oct",
	volume = {362},
	pages = {845-850},
	archivePrefix = {arXiv},
	eprint = {astro-ph/0009493},
	primaryClass = {astro-ph},
	adsurl = {https://ui.adsabs.harvard.edu/abs/2000A&A...362..845R},
	adsnote = {Provided by the SAO/NASA Astrophysics Data System}
}



@ARTICLE{Birrer++17a,
	author = {{Birrer}, S. and {Amara}, A. and {Refregier}, A.},
	title = "{Lensing substructure quantification in RXJ1131-1231: a 2 keV lower bound on dark matter thermal relic mass}",
	journal = {\jcap},
	archivePrefix = "arXiv",
	eprint = {1702.00009},
	year = 2017,
	month = may,
	volume = 5,
	eid = {037},
	pages = {037},
	doi = {10.1088/1475-7516/2017/05/037},
	adsurl = {http://adsabs.harvard.edu/abs/2017JCAP...05..037B},
	adsnote = {Provided by the SAO/NASA Astrophysics Data System}
}

@ARTICLE{Hezaveh++16,
   author = {{Hezaveh}, Y.~D. and {Dalal}, N. and {Marrone}, D.~P. and {Mao}, Y.-Y. and 
	{Morningstar}, W. and {Wen}, D. and {Blandford}, R.~D. and {Carlstrom}, J.~E. and 
	{Fassnacht}, C.~D. and {Holder}, G.~P. and {Kemball}, A. and 
	{Marshall}, P.~J. and {Murray}, N. and {Perreault Levasseur}, L. and 
	{Vieira}, J.~D. and {Wechsler}, R.~H.},
    title = "{Detection of Lensing Substructure Using ALMA Observations of the Dusty Galaxy SDP.81}",
  journal = {\apj},
archivePrefix = "arXiv",
   eprint = {1601.01388},
 keywords = {dark matter, gravitational lensing: strong },
     year = 2016,
    month = may,
   volume = 823,
      eid = {37},
    pages = {37},
      doi = {10.3847/0004-637X/823/1/37},
   adsurl = {http://adsabs.harvard.edu/abs/2016ApJ...823...37H},
  adsnote = {Provided by the SAO/NASA Astrophysics Data System}
}




